@comment Macros for common words
@preamble{" \providecommand{\Proceedings}{Proceedings\xspace}" }

@preamble{" \providecommand{\International}{International\xspace}"}

@preamble{" \providecommand{\Conference}{Conference\xspace}"}

@preamble{" \providecommand{\Artificial}{Artificial\xspace}"}

@preamble{" \providecommand{\Intelligence}{Intelligence\xspace}"}

@preamble{" \providecommand{\AI}{Artificial Intelligence}"}

@preamble{" \providecommand{\Scheduling}{Scheduling\xspace}"}

@preamble{" \providecommand{\ofthe}{of the\xspace}"}



%%% Do *not* want to abbreviate journal names? Add arroba before preamble
@preamble{" \providecommand{\longshortnopar}[2]{#1}"}
@comment preamble{" \providecommand{\longshortnopar}[2]{#1}"}

%%% Want to abbreviate conference names? Add arroba before preamble
@comment preamble{" \providecommand{\longshort[2]}{#1 (#2)}"}
@preamble{" \providecommand{\longshort[2]}{#2}"}

@string{AAAI86  = "\longshort{\Proceedings \ofthe 5th National \Conference on \AI{}}{AAAI}"}
@string{AAAI92  = "\longshort{\Proceedings \ofthe 10th National \Conference on \AI{}}{AAAI}"}
@string{AAAI93  = "\longshort{\Proceedings \ofthe 11th National \Conference on \AI{}}{AAAI}"}
@string{AAAI94  = "\longshort{\Proceedings \ofthe 12th National \Conference on \AI{}}{AAAI}"}
@string{AAAI96  = "\longshort{\Proceedings \ofthe 13th National \Conference on \AI{}}{AAAI}"}
@string{AAAI98  = "\longshort{\Proceedings \ofthe 15th National \Conference on \AI{}}{AAAI}"}
@string{AAAI99  = "\longshort{\Proceedings \ofthe 16th National \Conference on \AI{}}{AAAI}"}
@string{AAAI00  = "\longshort{\Proceedings \ofthe 17th National \Conference on \AI{}}{AAAI}"}
@string{AAAI02  = "\longshort{\Proceedings \ofthe 18th National \Conference on \AI{}}{AAAI}"}
@string{AAAI04  = "\longshort{\Proceedings \ofthe 19th National \Conference on \AI{}}{AAAI}"}
@string{AAAI05  = "\longshort{\Proceedings \ofthe 20th National \Conference on \AI{}}{AAAI}"}
@string{AAAI06  = "\longshort{\Proceedings \ofthe 21st National \Conference on \AI{}}{AAAI}"}
@string{AAAI07  = "\longshort{\Proceedings \ofthe 22nd AAAI \Conference on \AI{}}{AAAI}"}
@string{AAAI08  = "\longshort{\Proceedings \ofthe 23rd AAAI \Conference on \AI{}}{AAAI}"}
@string{AAAI10  = "\longshort{\Proceedings \ofthe 24th AAAI \Conference on \AI{}}{AAAI}"}
@string{AAAI11  = "\longshort{\Proceedings \ofthe 25th AAAI \Conference on \AI{}}{AAAI}"}
@string{AAAI12  = "\longshort{\Proceedings \ofthe 26th AAAI \Conference on \AI{}}{AAAI}"}
@string{AAAI13  = "\longshort{\Proceedings \ofthe 27th AAAI \Conference on \AI{}}{AAAI}"}
@string{AAAI14  = "\longshort{\Proceedings \ofthe 28th AAAI \Conference on \AI{}}{AAAI}"}
@string{AAAI15  = "\longshort{\Proceedings \ofthe 29th AAAI \Conference on \AI{}}{AAAI}"}
@string{AAAI16  = "\longshort{\Proceedings \ofthe 30th AAAI \Conference on \AI{}}{AAAI}"}
@string{AAAI17  = "\longshort{\Proceedings \ofthe 31st AAAI \Conference on \AI{}}{AAAI}"}

@string{AAMAS04  = "\longshort{\Proceedings \ofthe 3rd \International Joint \Conference on Autonomous Agents and Multi Agent Systems}{AAMAS}"}
@string{AAMAS06  = "\longshort{\Proceedings \ofthe 5th \International Joint \Conference on Autonomous Agents and Multi Agent Systems}{AAMAS}"}
@string{AAMAS08  = "\longshort{\Proceedings \ofthe 7th \International Joint \Conference on Autonomous Agents and Multi Agent Systems}{AAMAS}"}
@string{AAMAS10  = "\longshort{\Proceedings \ofthe 9th \International Joint \Conference on Autonomous Agents and Multi Agent Systems}{AAMAS}"}
@string{AAMAS11  = "\longshort{\Proceedings \ofthe 10th \International Joint \Conference on Autonomous Agents and Multi Agent Systems}{AAMAS}"}

@string{AAMAS12  = "\longshort{\Proceedings \ofthe 10th \International Joint \Conference on Autonomous Agents and Multi Agent Systems}{AAMAS}"}

@string{AIIDE05  = "\longshort{\Proceedings \ofthe 1st Annual \International AIIDE Conference}{AIIDE}"}
@string{AIIDE11  = "\longshort{\Proceedings \ofthe 7th Annual \International AIIDE Conference}{AIIDE}"}
@string{AIIDE15  = "\longshort{\Proceedings \ofthe 11th Annual \International AIIDE Conference}{AIIDE}"}
@string{AIIDE17  = "\longshort{\Proceedings \ofthe 13th Annual \International AIIDE Conference}{AIIDE}"}
@string{AIIDE18  = "\longshort{\Proceedings \ofthe 14th Annual \International AIIDE Conference}{AIIDE}"}


@string{AIMAG     = "\longshortnopar{\AI{} Magazine}{AIM}"}
@string{AIJ     = "\longshortnopar{\Artificial \Intelligence}{AIJ}"}
@string{AMAI    = "\longshortnopar{Annals of Mathematics and \AI{}}{Annals of Math and AI}"}

@string{AIPS96 = "\longshort{\Proceedings \ofthe 3rd \International \Conference on \AI{} Planning and Systems}{AIPS}"}
@string{AIPS00 = "\longshort{\Proceedings \ofthe 5th \International \Conference on \AI{} Planning and Systems}{AIPS}"}
@string{AIPS02 = "\longshort{\Proceedings \ofthe 6th \International \Conference on \AI{} Planning and Systems}{AIPS}"}


@string{CAV99   = "\longshort{\Proceedings \ofthe 11th \International \Conference on Computer Aided Verification}{CAV}"}

@string{CIG05   = "\longshort{\Proceedings \ofthe 2005 {IEEE} Symposium on Computational Intelligence and Games}{CIG}"}

@string{CIAA03  = "\longshort{\Proceedings \ofthe 8th \International \Conference on Implementation and Application of Automata}{CIAA}"}

@string{COMPINT     = "\longshortnopar{Computational \Intelligence}{Comp. Int.}"}
@string{CONCUR00= "\longshort{\Proceedings \ofthe 11th \International \Conference on Concurrency Theory}{CONCUR}"}
@string{CORR = "\longshortnopar{Computing Research Repository}{CoRR}"}


@string{DX94  = "\longshort{\Proceedings of the 5th \International Workshop on Principles of Diagnosis}{DX}"}

@string{DX04  = "\longshort{\Proceedings of the 15th \International Workshop on Principles of Diagnosis}{DX}"}

@string{DX07  = "\longshort{\Proceedings of the 18th \International Workshop on Principles of Diagnosis}{DX}"}

@string{ECAI92  = "\longshort{\Proceedings \ofthe 10th European \Conference on \AI{}}{ECAI}"}
@string{ECAI00  = "\longshort{\Proceedings \ofthe 14th European \Conference on \AI{}}{ECAI}"}
@string{ECAI04  = "\longshort{\Proceedings \ofthe 16th European \Conference on \AI{}}{ECAI}"}
@string{ECAI08  = "\longshort{\Proceedings \ofthe 18th European \Conference on \AI{}}{ECAI}"}
@string{ECAI16  = "\longshort{\Proceedings \ofthe 22nd European \Conference on \AI{}}{ECAI}"}
@string{ECP97   = "\longshort{\Proceedings \ofthe 4th European \Conference on Planning}{ECP}"}
@string{ECP99   = "\longshort{\Proceedings \ofthe 5th European \Conference on Planning}{ECP}"}
@string{ECP01   = "\longshort{\Proceedings \ofthe 6th European \Conference on Planning}{ECP}"}

@string{ETAI   = "\longshortnopar{Electronic Transactions on \AI}{ETAI}"}


@string{FOCS77  = "\longshort{\Proceedings \ofthe 18th IEEE Symposium on Foundations of Computer Science}{FOCS}"}
@string{FOCS83  = "\longshort{\Proceedings \ofthe 24th IEEE Symposium on Foundations of Computer Science}{FOCS}"}


@string{ICAPS04 = "\longshort{\Proceedings \ofthe 14th \International \Conference on Automated Planning and Scheduling}{ICAPS}"}
@string{ICAPS05 = "\longshort{\Proceedings \ofthe 15th \International \Conference on Automated Planning and Scheduling}{ICAPS}"}
@string{ICAPS06 = "\longshort{\Proceedings \ofthe 16th \International \Conference on Automated Planning and Scheduling}{ICAPS}"}
@string{ICAPS07 = "\longshort{\Proceedings \ofthe 17th \International \Conference on Automated Planning and Scheduling}{ICAPS}"}
@string{ICAPS08 = "\longshort{\Proceedings \ofthe 18th \International \Conference on Automated Planning and \Scheduling}{ICAPS}"}
@string{ICAPS09 = "\longshort{\Proceedings \ofthe 19th \International \Conference on Automated Planning and \Scheduling}{ICAPS}"}
@string{ICAPS10 = "\longshort{\Proceedings \ofthe 20th \International \Conference on Automated Planning and \Scheduling}{ICAPS}"}
@string{ICAPS11 = "\longshort{\Proceedings \ofthe 21st \International \Conference on Automated Planning and \Scheduling}{ICAPS}"}
@string{ICAPS12 = "\longshort{\Proceedings \ofthe 22nd \International \Conference on Automated Planning and \Scheduling}{ICAPS}"}
@string{ICAPS13 = "\longshort{\Proceedings \ofthe 23rd \International \Conference on Automated Planning and \Scheduling}{ICAPS}"}
@string{ICAPS14 = "\longshort{\Proceedings \ofthe 24th \International \Conference on Automated Planning and \Scheduling}{ICAPS}"}
@string{ICAPS15 = "\longshort{\Proceedings \ofthe 25th \International \Conference on Automated Planning and \Scheduling}{ICAPS}"}
@string{ICAPS18 = "\longshort{\Proceedings \ofthe 28th \International \Conference on Automated Planning and \Scheduling}{ICAPS}"}

@string{ICMAS96 = "\longshort{\Proceedings \ofthe 2nd \International \Conference on Multiagent Systems}{ICMAS}"}

@string{ICRA94 = "\longshort{\Proceedings \ofthe 11th International Conference on Robotics and Automation}{ICRA}"}
@string{ICRA13 = "\longshort{2013 {IEEE} International Conference on Robotics and Automation}{ICRA}"}
@string{ICRA15 = "\longshort{2015 {IEEE} International Conference on Robotics and Automation}{ICRA}"}


@string{IJCAI89 = "\longshort{\Proceedings \ofthe 11th
                  \International Joint \Conference on
                  \AI{}}{IJCAI}"}
@string{IJCAI93 = "\longshort{\Proceedings \ofthe 13th \International Joint \Conference on \AI{}}{IJCAI}"}
@string{IJCAI95 = "\longshort{\Proceedings \ofthe 14th \International Joint \Conference on \AI{}}{IJCAI}"}
@string{IJCAI99 = "\longshort{\Proceedings \ofthe 16th \International Joint \Conference on \AI{}}{IJCAI}"}
@string{IJCAI01 = "\longshort{\Proceedings \ofthe 17th \International Joint \Conference on \AI{}}{IJCAI}"}
@string{IJCAI05 = "\longshort{\Proceedings \ofthe 19th \International Joint \Conference on \AI{}}{IJCAI}"}
@string{IJCAI07 = "\longshort{\Proceedings \ofthe 20th \International Joint \Conference on \AI{}}{IJCAI}"}
@string{IJCAI09 = "\longshort{\Proceedings \ofthe 21st \International Joint \Conference on \AI{}}{IJCAI}"}
@string{IJCAI11 = "\longshort{\Proceedings \ofthe 22nd \International Joint \Conference on \AI{}}{IJCAI}"}
@string{IJCAI15 = "\longshort{\Proceedings \ofthe 24th \International Joint \Conference on \AI{}}{IJCAI}"}
@string{IJCAI16 = "\longshort{\Proceedings \ofthe 25th \International Joint \Conference on \AI{}}{IJCAI}"}
@string{IJCAI19 = "\longshort{\Proceedings \ofthe 28th \International Joint \Conference on \AI{}}{IJCAI}"}

@string{ISWC06 = "\longshort{\Proceedings \ofthe 5th \International Semantic Web \Conference}{ISWC}"}

@string{IPC5    = "\longshort{5th International Planning Competition Booklet}{IPC-2006}"}

@string{IROS09 = "\longshort{\Proceedings \ofthe 2009 {IEEE/RSJ} \International \Conference on Intelligent Robots and Systems}{IROS}"}
@string{IROS14 = "\longshort{\Proceedings \ofthe 2014 {IEEE/RSJ} \International \Conference on Intelligent Robots and Systems}{IROS}"}

@string{JLP     = "\longshortnopar{Journal of Logic Programming}{JLP}"}
@string{KI     = "\longshortnopar{K\"{u}nstliche Intelligenz}{KI}"}

@string{KI01 = "\longshort{\Proceedings of the Joint German/Austrian Conference on Artificial Intelligence}{KI/\"{O}GAI}"}


@string{KR89    = "\longshort{\Proceedings \ofthe 1st \International \Conference of Knowledge Representation and Reasoning}{KR}"}
@string{KR98    = "\longshort{\Proceedings \ofthe 6th \International \Conference on Knowledge Representation and Reasoning}{KR}"}
@string{KR00    = "\longshort{\Proceedings \ofthe 7th \International \Conference on Knowledge Representation and Reasoning}{KR}"}
@string{KR02    = "\longshort{\Proceedings \ofthe 8th \International \Conference on Knowledge Representation and Reasoning}{KR}"}
@string{KR04    = "\longshort{\Proceedings \ofthe 9th \International \Conference on Knowledge Representation and Reasoning}{KR}"}
@string{KR06    = "\longshort{\Proceedings \ofthe 10th \International \Conference on Knowledge Representation and Reasoning}{KR}"}
@string{KR08    = "\longshort{\Proceedings \ofthe 11th \International \Conference on Knowledge Representation and Reasoning}{KR}"}
@string{KR10    = "\longshort{\Proceedings \ofthe 12th \International \Conference on Knowledge Representation and Reasoning}{KR}"}

@string{LNCS    = "LNCS"}

@string{LPAR99 = "\longshort{\Proceedings of 6th \International \Conference on Logic Programming and Automated Reasoning}{LPAR}"}
@string{LPNMR04 = "\longshort{\Proceedings \ofthe 7th \International \Conference on Logic Programming and Nonmonotonic Reasoning}{LPNMR}"}
@string{LPNMR07 = "\longshort{\Proceedings \ofthe 9th \International \Conference on Logic Programming and Nonmonotonic Reasoning}{LPNMR}"}
@string{NRAC05 = "\longshort{5th Workshop on Nonmonotonic Reasoning, Action and Change}{NRAC}"}
@string{NRAC07 = "\longshort{7th Workshop on Nonmonotonic Reasoning, Action and Change}{NRAC}"}

@string{NIPS98    = "\longshort{\Proceedings \ofthe 11th \Conference on Advances in Neural Information Processing Systems}{NIPS}"}

@string{NIPS98    = "\longshort{\Proceedings \ofthe 11th \Conference on Advances in Neural Information Processing Systems}{NIPS}"}

@string{NIPS03    = "\longshort{\Proceedings \ofthe 16th \Conference on Advances in Neural Information Processing Systems}{NIPS}"}



@string{JAIR    = "\longshortnopar{Journal of \AI{} Research}{JAIR}"}
@string{IJRR    = "\longshortnopar{International Journal of Robotics Research}{IJRR}"}
@string{JCSS    = "\longshortnopar{Journal of Computer and System Sciences}{JCSS}"}
@string{JETAI    = "\longshortnopar{Journal of Theoretical and Experimental \AI{}}{JETAI}"}
@string{JLC    = "\longshortnopar{Journal of Logic and Computation}{JLC}"}
@string{IEEETRA    = "\longshortnopar{IEEE Transactions on Robotics and Automation}{IEE TRA}"}

@string{PSTV95  = "\longshort{\Proceedings \ofthe 15th \International Symposium on Protocol Specification, Testing and Verification}{PSTV}"}


@string{TARK90 = "\longshort{\Proceedings \ofthe 3rd \Conference on Theoretical Aspects of Reasoning about Knowledge}{TARK}"}
@string{TOCL	= "\longshortnopar{{ACM} Transactions on Computational Logic}{TOCL}"}
@string{TPLP    = "\longshortnopar{Theory and Practice of Logic Programming}{TPLP}"}

@string{SCCC99 = "\longshort{\Proceedings \ofthe 19th \International \Conference of the Chilean Computer Science Society}{SCCC}"}
@string{SCCC02 = "\longshort{\Proceedings \ofthe 22nd \International \Conference of the Chilean Computer Science Society}{SCCC}"}

@string{SOCS10 = "\longshort{\Proceedings \ofthe 3rd Symposium on Combinatorial Search}{SoCS}"}

@string{SOCS11 = "\longshort{\Proceedings \ofthe 4th Symposium on Combinatorial Search}{SoCS}"}

@string{SOCS12 = "\longshort{\Proceedings \ofthe 5th Symposium on Combinatorial Search}{SoCS}"}
@string{SOCS13 = "\longshort{\Proceedings \ofthe 6th Symposium on Combinatorial Search}{SoCS}"}
@string{SOCS14 = "\longshort{\Proceedings \ofthe 7th Symposium on Combinatorial Search}{SoCS}"}
@string{SOCS15 = "\longshort{\Proceedings \ofthe 8th Symposium on Combinatorial Search}{SoCS}"}
@string{SOCS16 = "\longshort{\Proceedings \ofthe 9th Symposium on Combinatorial Search}{SoCS}"}
@string{SOCS17 = "\longshort{\Proceedings \ofthe 10th Symposium on Combinatorial Search}{SoCS}"}
@string{SOCS18 = "\longshort{\Proceedings \ofthe 11th Symposium on Combinatorial Search}{SoCS}"}
@string{SOCS19 = "\longshort{\Proceedings \ofthe 12th Symposium on Combinatorial Search}{SoCS}"}

@string{SPIN01 = "\longshort{\Proceedings \ofthe 8th \International {SPIN} Workshop}{SPIN}"}
@string{SPIN03 = "\longshort{\Proceedings \ofthe 10th \International {SPIN} Workshop}{SPIN}"}
@string{SPIN06 = "\longshort{\Proceedings \ofthe 13th \International {SPIN} Workshop}{SPIN}"}

@string{STTT    = "\longshortnopar{\International Journal on Software Tools for Technology Transfer}{STTT}"}


@techreport{pddl3-techrep,
  author = {Alfonso Gerevini and Derek Long},
  year = {2005},
  title = {Plan Constraints and Preferences for {PDDL3}},
  institution={\longshortnopar{Department of Electronics for Automation, University of Brescia, Brescia, Italy}{University of Brescia}},
  number={2005-08-07}
}



@article{pddl3,
  author    = {Alfonso Gerevini and
               Patrik Haslum and
               Derek Long and
               Alessandro Saetti and
               Yannis Dimopoulos},
  title     = {Deterministic planning in the fifth international planning
               competition: {PDDL3} and experimental evaluation of the planners},
 journal   = {Artificial Intelligence},
  volume    = {173},
  number    = {5-6},
  year      = {2009},
  pages     = {619-668}
}


@inproceedings{bie-fri-mci06,
  AUTHOR={Meghyn Bienvenu and Christian Fritz and Sheila A. McIlraith},
  TITLE={Planning with Qualitative Temporal Preferences},
  BOOKTITLE=KR06,
  month={June},
  YEAR={2006},
  pages = {134-144}
}

@inproceedings{fri-mci06,
  author    = {Christian Fritz and
               Sheila A. McIlraith},
  title     = {Decision-Theoretic GOLOG with Qualitative Preferences},
  booktitle = KR06,
  year      = {2006},
  pages     = {153-163},
  address   = {Lake District, UK},
  month     = {June}
}


@techreport{bai-mci06b,
  author = {Jorge A. Baier and Sheila A. McIlraith},
  year = {2006},
  title = {Planning with propositional temporally extended goals using heuristic search},
  institution={Department of Computer Science, University of Toronto, Toronto, Canada},
  number={CSRG-537}
}


@article{blufur97,
  author    = {Avrim Blum and Merrick L. Furst},
  title     = {Fast Planning Through Planning Graph Analysis},
  journal   = AIJ,
  volume    = {90},
  number    = {1-2},
  year      = {1997},
  pages     = {281-300}
}


@article{bon-gef01,
  author    = {Blai Bonet and
               Hector Geffner},
  title     = {Planning as heuristic search.},
  journal   = AIJ,
  volume    = {129},
  number    = {1-2},
  year      = {2001},
  pages     = {5-33}
}


@inproceedings{bon-gef06,
  author    = {Blai Bonet and
               Hector Geffner},
  title     = {Heuristics for Planning with Penalties and Rewards using
               Compiled Knowledge},
  booktitle = KR06,
  year      = {2006},
  pages     = {452-462},

}


@inproceedings{bai-mci06,
        author = {Jorge A. Baier and Sheila A. McIlraith},
        title = {Planning with Temporally Extended Goals Using Heuristic Search},
        booktitle = ICAPS06,
        year = 2006,
        pages= {342-345}
}

@inproceedings{alb-bai-mci09,
       author    = {Aws Albarghouthi and Jorge A. Baier and Sheila A. McIlraith},
       title     = {On the Use of Planning Technology for Verification},
       booktitle ={\longshort{\Proceedings \ofthe Validation and Verification of Planning and \Scheduling Systems Workshop}{VVPS}},
       year      = 2009,
       address   = {Thessaloniki, Greece}
}

@INPROCEEDINGS{edelkamp03,
    author = {Stefan Edelkamp},
    title = {Promela planning},
    booktitle = SPIN03,
    year = {2003},
    pages = {197--212}
}


@inproceedings{bai07,
        author = {Jorge A. Baier},
        title = {Improving Relaxed-Plan-Based Heuristics},
        booktitle = {First ICAPS Workshop on Heuristics for Domain-independent Planning: Progress, Ideas, Limitations, Challenges},
        year = 2007,
        address = {Providence, RI},
        month = {September}
}


@inproceedings{bai-mci07,
        author = {Jorge A. Baier and Sheila A. McIlraith},
        title = {On Domain-Independent Heuristics for Planning with Qualitative Preferences},
        booktitle = NRAC07,
        year = 2007
}

@inproceedings{ben-bri-kam07,
        author = {J. Benton and Menkes van den Briel and Subbarao Kambhampati},
        title = {A Hybrid Linear Programming and Relaxed Plan Heuristic for Partial Satisfaction Problems},
        booktitle = ICAPS07,
        year = 2007,
        address = {Providence, RI},
        month = {September},
        pages= {34-41}
}


@inproceedings{bai-mci06c,
        author = {Jorge A. Baier and Sheila A. McIlraith},
        title = {Planning with First-Order Temporally Extended Goals Using Heuristic Search},
        booktitle = AAAI06,
        address = {Boston, MA},
        year = 2006,
        pages = {788-795}
}

@article{bou-dea-han99,
  author    = {Craig Boutilier and
               Thomas Dean and
               Steve Hanks},
  title     = {Decision-Theoretic Planning: Structural Assumptions and
               Computational Leverage},
  journal   = JAIR,
  volume    = {11},
  year      = {1999},
  pages     = {1-94}
}

@inbook{BulitkoBSL10,
   author       = {Vadim Bulitko and Yngvi Bj\"{o}rnsson and Nathan Sturtevant and Ramon Lawrence},
   title        = {Real-time Heuristic Search for Game Pathfinding},
   series       = {Applied Research in Artificial Intelligence for Computer Games},
   publisher    = {Springer},
   year         = 2011}


@article{BulitkoBL10,
  author    = {Vadim Bulitko and Yngvi Bj\"{o}rnsson and Ramon Lawrence},
  title     = {Case-Based Subgoaling in Real-Time Heuristic Search for Video Game Pathfinding},
  journal   = JAIR,
  volume    = {38},
  year      = {2010},
  pages     = {268-300}
}

@inproceedings{SturtevantBB10,
  author    = {Nathan R. Sturtevant and
               Vadim Bulitko and
               Yngvi Bj{\"o}rnsson},
  title     = {On learning in agent-centered search},
  booktitle = AAMAS10,
  year      = {2010},
  pages     = {333-340},
  address   = {Toronto, Ontario}
}


@inproceedings{bouetal00,
  author    = {Craig Boutilier and
               Raymond Reiter and
               Mikhail Soutchanski and
               Sebastian Thrun},
  title     = {Decision-Theoretic, High-Level Agent Programming in the
               Situation Calculus},
  booktitle = AAAI00,
  year      = {2000},
  pages     = {355-362},
  address   = {Austin, Texas}
}



@article{bouetal04,
  author    = {Craig Boutilier and
               Ronen I. Brafman and
               Carmel Domshlak and
               Holger H. Hoos and
               David Poole},
  title     = {{CP}-nets: A Tool for Representing and Reasoning with Conditional
               Ceteris Paribus Preference Statements},
  journal   = JAIR,
  volume    = {21},
  year      = {2004},
  pages     = {135-191}
}

@article{bra-dom-shi06,
  author    = {Ronen I. Brafman and
               Carmel Domshlak and
               Solomon Eyal Shimony},
  title     = {On Graphical Modeling of Preference and Importance},
  journal   = JAIR,
  volume    = {25},
  year      = {2006},
  pages     = {389-424}
}


@article{bylander94,
  author    = {Tom Bylander},
  title     = {The Computational Complexity of Propositional {STRIPS} Planning},
  journal   = AIJ,
  volume    = {69},
  number    = {1-2},
  year      = {1994},
  pages     = {165-204}
}


@inproceedings{edelkamp06,
        author = {Stefan Edelkamp},
        title = {On the Compilation of Plan Constraints and Preferences},
        booktitle = ICAPS06,
        year = 2006,
        note = {To appear}
}


@inproceedings{gaz-kno97,
  author    = {B. Cenk Gazen and
               Craig A. Knoblock},
  title     = {Combining the Expressivity of {UCPOP} with the Efficiency
               of Graphplan},
  booktitle = {ECP97},
  year      = {1997},
  pages     = {221-233},
  month     = {September},
  address   = {Toulouse, France}
}

@article{Nebel00,
  author    = {Bernhard Nebel},
  title     = {On the Compilability and Expressive Power of Propositional
               Planning Formalisms},
  journal   = JAIR,
  volume    = {12},
  year      = {2000},
  pages     = {271-315}
}





@book{reiter01,
  author = "Raymond Reiter",
  title =  "Knowledge in Action: Logical Foundations for Specifying and
            Implementing Dynamical Systems",
  publisher = "MIT Press",
  address = "Cambridge, MA",
  year = 2001

}

@Article{hofneb01,
  author =       {J{\"o}rg Hoffmann and Bernhard Nebel},
  title =        {The {FF} Planning System: Fast Plan Generation Through
Heuristic Search},
  journal = JAIR,
  year =         {2001},
  volume =       {14},
  pages =        {253-302}
}

@techreport{pddl,
  author = {Drew V. McDermott},
  title  = {{PDDL --- The Planning Domain Definition Language}},
  institution = "Yale Center for Computational Vision and Control",
  year = 1998,
  number = "TR-98-003/DCS TR-1165"
}

@inproceedings{mcdermott96,
  author    = {Drew V. McDermott},
  title     = {A Heuristic Estimator for Means-Ends Analysis in Planning.},
  booktitle = AIPS96,
  year      = {1996},
  pages     = {142-149}
}

@inproceedings{mye-lee99,
  author    = {Karen L. Myers and
               Thomas J. Lee},
  title     = {Generating qualitatively Different Plans througt Metatheoretic
               Biases},
  booktitle = AAAI99,
  year      = {1999},
  address   = {Orlando, Florida},
  pages     = {570-576}
}


@techreport{pddl22,
  author = {Stefan Edelkamp and J\"{o}rg Hoffmann},
  title  = {{PDDL}2.2: The Language for the Classical Part \ofthe 4th International Planning Competition},
  institution = {{C}omputer {S}cience {D}epartment, {U}niversity of {F}reiburg},
  year = 2004,
  number = "195"
}

@InProceedings{pnueli77,
  author =      {Amir Pnueli},
  title =       {The temporal logic of programs},
  booktitle =   FOCS77,
  year =        {1977},
  pages =       {46--57}
}

@inproceedings{kabthi05,
  author    = {Froduald Kabanza and Sylvie Thi\'ebaux},
  title     = {Search Control in Planning for Temporally Extended Goals},
  booktitle  = ICAPS05,
  pages     = {130-139},
  year      = 2005,

}

@inproceedings{fritz03,
  author    = {Carsten Fritz},
  title     = {Constructing {B}{\"u}chi Automata from Linear Temporal Logic
               Using Simulation Relations for Alternating {B}{\"u}chi Automata.},
  booktitle = CIAA03,
  address   = {Santa Barbara, CA},
  year      = {2003},
  pages     = {35-48},
  publisher = {Springer},
  series    = LNCS,
  volume    = {2759}
}


@inproceedings{dgv99,
  author    = {Marco Daniele and
               Fausto Giunchiglia and
               Moshe Y. Vardi},
  title     = {Improved Automata Generation for Linear Temporal Logic.},
  booktitle = CAV99,
  pages     = {249-260},
  address   = {Trento, Italy},
  publisher = {Springer},
  series    = LNCS,
  volume    = {1633},
  year      = {1999}
}

@inproceedings{ete-hol00,
  author    = {Kousha Etessami and
               Gerard J. Holzmann},
  title     = {Optimizing {B}{\"u}chi Automata.},
  booktitle = CONCUR00,
  month     = {August},
  pages     = {153-167},
  publisher = {Springer},
  series    = LNCS,
  volume    = {1877},
  year      = {2000},
  address   =  {University Park, PA}
}


@article{fox-lon03,
  author    = {Maria Fox and Derek Long},
  title     = {{PDDL2.1}: An Extension to {PDDL} for Expressing Temporal Planning Domains},
  journal   = JAIR,
  volume    = {20},
  year      = {2003},
  pages     = {61-124}
}


@article{marvin,
	author = "Andrew I. Coles and Amanda J. Smith",
	title = "Marvin: A HeuristicSearch Planner with Online Macro-Action Learning",
	journal = JAIR,
	year = "2007",
	volume = "28",
	pages = "119-156",
	month = "February",
	issn = "11076-9757"
}


@article{var-wol94,
  author    = {Moshe Y. Vardi and Pierre Wolper},
  title     = {Reasoning about Infinite Computations},
  journal   = {Information and Computation},
  volume    = {115},
  number    = {1},
  year      = {1994},
  pages     = {1-37}
}

@inproceedings{wolvarsis83,
  author    = {Pierre Wolper and Moshe Y. Vardi and A. Prasad Sistla},
  title     = {Reasoning about infinite computation paths},
  booktitle = FOCS83,
  address   = {Tucson, AZ},
  year      = {1983},
  pages     = {185-194}
}

@inproceedings{var95,
  author    = {Moshe Y. Vardi},
  title     = {An Automata-Theoretic Approach to Linear Temporal Logic},
  booktitle = {Banff Higher Order Workshop},
  series    = LNCS,
  publisher = {Springer},
  volume    = {1043},
  year      = {1995},
  pages     = {238-266}
}

@inproceedings{geretal95,
  author    = {Rob Gerth and
               Doron Peled and
               Moshe Y. Vardi and
               Pierre Wolper},
  title     = {Simple on-the-fly automatic verification of linear temporal
               logic.},
  booktitle = PSTV95,
  year      = {1995},
  month     = {July},
  address   = {Warsaw, Poland},
  pages     = {3-18}
}

@ARTICLE{lin-rei94,
  AUTHOR = {Fangzhen Lin and Raymond Reiter},
  TITLE = {State Constraints Revisited},
  JOURNAL = {Journal of Logic and Computation},
  VOLUME = {4},
  NUMBER = {5},
  PAGES = {655--678},
  YEAR = {1994}
}

@article{bac-kab98,
  author    = {Fahiem Bacchus and
               Froduald Kabanza},
  title     = {Planning for Temporally Extended Goals},
  journal   = AMAI,
  volume    = {22},
  number    = {1-2},
  year      = {1998},
  pages     = {5-27},
}

@InProceedings{bai-fri-mci-icaps07,
  author = 	 {Jorge A. Baier and Christian Fritz and Sheila A. McIlraith},
  title = 	 {Exploiting Procedural Domain Control Knowledge in State-of-the-Art Planners},
  booktitle = ICAPS07,
  year = 	 2007,
  address = 	 {Providence, Rhode Island, USA},
  month = 	 {September 22 - 26},
  pages = {26--33}
}

@inproceedings{adl,
  author    = {Edwin P. D. Pednault},
  title     = {{ADL}: Exploring the Middle Ground Between {STRIPS} and the
               Situation Calculus},
  booktitle = KR89,
  address   = {Toronto, Canada},
  month     = {May},
  year      = {1989},
  pages     = {324-332},
  editors   = {Ronald J. Brachman and Hector J. Levesque and Raymond Reiter},
  bibsource = {DBLP, http://dblp.uni-trier.de}
}


@inproceedings{Koenig98,
  author    = {Sven Koenig},
  title     = {Exploring Unknown Environments with Real-Time Search or
               Reinforcement Learning},
  booktitle = NIPS98,
  year      = {1998},
  pages     = {1003-1009}
}

@inproceedings{WiltTR10,
  author    = {Christopher Makoto Wilt and
               Jordan Tyler Thayer and
               Wheeler Ruml},
  title     = {A Comparison of Greedy Search Algorithms},
  booktitle = SOCS10,
  year      = {2010}
}


@incollection{wal77,
  author    = {Richard Waldinger},
  title     = {Achieving Several Goals Simultaneously},
  booktitle   = {Machine Intelligence 8},
  publisher   = {Ellis Horwood},
  editors    = {E. Elcoch and D. Michie},
  address     = {Edinburgh, Scotland},
  year      = {1977},
  pages     = {94-136},
}

@InBook{	  reiter91,
  author	= {Raymond Reiter},
  pages		= {359-380},
  title		= {{The Frame Problem in the Situation Calculus: A Simple
		  Solution (sometimes) and a completeness result for goal
		  regression}},
  publisher	= {Academic Press},
  year		= 1991,
  series	= {\AI{} and Mathematical Theory of
		  Computation: Papers in Honor of John McCarthy},
  address	= {San Diego, CA}
}

@unpublished{bac-ady99,
  title = "Precondition Control",
  author = "Fahiem Bacchus and Michael Ady",
  note = "Unpublished manuscript",
  url = {http://www.cs.toronto.edu/~fbacchus/Papers/BApre.pdf},
  year = "1999"
}

@article{BacchusK00,
  author    = {Fahiem Bacchus and
               Froduald Kabanza},
  title     = {Using temporal logics to express search control knowledge
               for planning},
  journal   = AIJ,
  volume    = {116},
  number    = {1-2},
  year      = {2000},
  pages     = {123-191},
  bibsource = {DBLP, http://dblp.uni-trier.de}
}


@inproceedings{rintanen00,
  author    = {Jussi Rintanen},
  title     = {Incorporation of Temporal Logic Control into Plan Operators.},
  year      = {2000},
  pages     = {526-530},
  crossref  = {ecai00}
}

@article{RintanenHN06,
  author    = {Jussi Rintanen and
               Keijo Heljanko and
               Ilkka Niemel{\"a}},
  title     = {Planning as satisfiability: parallel plans and algorithms
               for plan search},
  journal   = AIJ,
  volume    = {170},
  number    = {12-13},
  year      = {2006},
  pages     = {1031-1080}
}

@inproceedings{Kautz06,
  author    = {Henry A. Kautz},
  title     = {Deconstructing Planning as Satisfiability},
  booktitle = AAAI06,
  year      = {2006},
}



@proceedings{ecai00,
  editor    = {Werner Horn},
  title     = ECAI00,
  address   = {Berlin, Germany},
  month     = {August},
  booktitle = ECAI00,
  publisher = {IOS Press},
  year      = {2000}
}

@InCollection{mcchay69,
  author = "John McCarthy and Patrick J. Hayes",
  title = {Some Philosophical Problems from the Standpoint of Artificial Intelligence},
  booktitle = "Machine Intelligence 4",
  editor = "B. Meltzer and D. Michie",
  pages = "463--502",
  publisher = "Edinburgh University Press",
  year = "1969"
}

@inproceedings{crecod04,
  author    = {Stephen Cresswell and Alexandra M. Coddington},
  title     = {Compilation of {LTL} Goal Formulas into {PDDL}},
  booktitle = ECAI04,
  pages     = {985-986},
  crossref  = {ecai04}
}

@proceedings{ecai04,
  editor    = {Ramon L{\'o}pez de M{\'a}ntaras and Lorenza Saitta},
  title     = ECAI04,
  address   = {Valencia, Spain},
  month     = {August},
  booktitle = {ECAI},
  publisher = {IOS Press},
  year      = {2004}
}



@article{ffx,
  author    = {Sylvie Thi{\'e}baux and
               J{\"o}rg Hoffmann and
               Bernhard Nebel},
  title     = {In defense of {PDDL} axioms},
  journal   = {\AI{}},
  volume    = {168},
  number    = {1-2},
  year      = {2005},
  pages     = {38-69}
}


@inproceedings{giavar99,
  author    = {Giuseppe de Giacomo and Moshe Y. Vardi},
  title     = {Automata-Theoretic Approach to Planning for Temporally Extended
               Goals},
  booktitle = {ECP},
  year      = {1999},
  pages     = {226-238},
  crossref  = {ecp99}
}

@proceedings{ecp99,
  editor    = {Susanne Biundo and Maria Fox},
  title     = ECP99,
  address   = {Durham, UK},
  month     = {September},
  booktitle = ECP99,
  publisher = {Springer},
  series    = LNCS,
  volume    = {1809},
  year      = {2000}
}

@inproceedings{pisbettra01,
  author    = {Marco Pistore and Renato Bettin and Paolo Traverso},
  title     = {Symbolic techniques for planning with extended goals in non-deterministic domains},
  booktitle = ECP01,
  address   = {Toledo, Spain},
  year      = 2001,
}

@inproceedings{lagpistra02,
  author    = {Ugo dal Lago and Marco Pistore and Paolo Traverso},
  title     = {Planning with a Language for Extended Goals},
  booktitle = AAAI02,
  address   = {Edmonton, Alberta, Canada},
  year      = {2002},
  pages     = {447-454}
}


@article{kvadoh00,
  author    = {Jonas Kvarnstr{\"o}m and Patrick Doherty},
  title     = {TALplanner: A temporal logic based forward chaining planner},
  journal   = {Annals of Mathematics \AI{}},
  volume    = {30},
  number    = {1-4},
  year      = {2000},
  pages     = {119-169}
}

@inproceedings{zhu-giv05,
   author = {Lin Zhu and Robert Givan},
   title = {Simultaneous Heuristic Search for Conjunctive Subgoals},
   booktitle = AAAI05,
   pages = {1235-1241},
   address = {Pittsburgh, Pennsylvania, USA},
   month = {July 9-13},
   year = {2005}
}

@InProceedings{biefrimci06,
  author    = {Meghyn Bienvenu and Christian Fritz and Sheila McIlraith},
  title     = {Planning with Qualitative Temporal Preferences},
  booktitle = KR06,
  address   = {Lake District, England},
  pages     = {134-144},
  year      = 2006
}

@article{son-etal02,
  author    = {Tran Cao Son and
               Chitta Baral and
               Tran Hoai Nam and
               Sheila A. McIlraith},
  title     = {Domain-Dependent Knowledge in Answer Set Planning},
  journal   = TOCL,
  volume    = {7},
  number    = {4},
  year      = {2006},
  pages     = {613-657}

}

@inproceedings{sonpon04,
  author =       {Tran Cao Son and Enrico Pontelli},
  title =        {Planning with Preferences using Logic Programming},
  booktitle =    LPNMR04,
  editor =       {V. Lifschitz and I. Niemela},
  pages =        {247--260},
  publisher =    {Springer},
  year =         2004,
  number =       2923,
  series =       LNCS
}

@article{sonpon06,
  author    = {Tran Cao Son and
               Enrico Pontelli},
  title     = {Planning with preferences using logic programming},
  journal   = TPLP,
  volume    = {6},
  number    = {5},
  year      = {2006},
  pages     = {559-607},
}

@inproceedings{tu-son-pon07,
  author    = {Phan Huy Tu and
               Tran Cao Son and
               Enrico Pontelli},
  title     = {{CPP}: A Constraint Logic Programming Based Planner with Preferences},
  booktitle = LPNMR07,
  pages     = {290-296},
  publisher = {Springer},
  series    = LNCS,
  volume    = {4483},
  year      = {2007}
}


@InProceedings{brafman05,
  author =       {Ronen Brafman and Yuri Chernyavsky},
  title =        {Planning with Goal Preferences and Constraints},
  booktitle  =   ICAPS05,
  address   = {Monterey, CA},
  pages     =    {182-191},
  month     =    {June},
  year      =     {2005}
}

@proceedings{icaps05,
  editor    = {Susanne Biundo and Karen L. Myers and Kanna Rajan},
  title     = ICAPS05,
  booktitle = ICAPS05,
  publisher = {AAAI},
  month     = {June},
  address   = {Monterey, CA},
  year      = {2005}
}

@inproceedings{bendokam05,
  author    = {J. Benton and Minh Binh Do and Subbarao Kambhampati},
  title     = {Over-Subscription Planning with Numeric Goals.},
  booktitle = IJCAI05,
  year      = {2005},
  pages     = {1207-1213},
  address   = {Edinburgh, Scotland},
  month     = {July}
}

@inproceedings{ede-jab-naz06,
  author    = {Stefan Edelkamp and Shahid Jabbar and Mohammed Naizih},
  title     = {Large-Scale Optimal {PDDL3} Planning with {MIPS-XXL}},
  booktitle = IPC5,
  year      = {2006},
  pages     = {28-30},
  address   = {Lake District, England},
  month     = {July}
}

@inproceedings{edelkamp06b,
  author    = {Stefan Edelkamp},
  title     = {Optimal Symbolic {PDDL3} Planning with {MIPS-BDD}},
  booktitle = IPC5,
  year      = {2006},
  pages     = {31-33},
  address   = {Lake District, England},
  month     = {July}
}


@inproceedings{sgplanV,
  author    = {Chih-Wei Hsu and Benjamin Wah and Ruoyun Huang and Yixin Chen},
  title     = {Constraint Partitioning for Solving Planning Problems with
Trajectory Constraints and Goal Preferences},
  booktitle = IJCAI07,
  year      = {2007},
  address   = {Hyderabad, India},
  month     = {January},
  pages      = {1924-1929}
}


@misc{hsu-personal07,
  author = "Chih-Wei Hsu",
  title  = "Personal Communication",
  year   = 2008,
  month  = {February}
}

@article{ChenWH06,
  author    = {Yixin Chen and
               Benjamin W. Wah and
               Chih-Wei Hsu},
  title     = {{Temporal Planning using Subgoal Partitioning and Resolution
               in SGPlan}},
  journal   = JAIR,
  volume    = {26},
  year      = {2006},
  pages     = {323-369}
}


@inproceedings{sgplanV-booklet,
  author    = {Chih-Wei Hsu and Benjamin Wah and Ruoyun Huang and Yixin Chen},
  title     = {Handling Soft Constraints and Goals Preferences in {SGPlan}},
  booktitle = IPC5,
  year      = {2006},
  pages     = {39-41},
  address   = {Lake District, England},
  month     = {July}
}


@inproceedings{yochanps,
  author    = {J. Benton and Subbarao Kambhampati and Minh B. Do},
  title     = {{YochanPS}: {PDDL3} Simple Preferences and Partial Satisfaction Planning},
  booktitle = IPC5,
  year      = {2006},
  pages     = {54-57},
  address   = {Lake District, England},
  month     = {July}
}

@inproceedings{del-sch-tom04,
  author    = {James P. Delgrande and
               Torsten Schaub and
               Hans Tompits},
  title     = {Domain-Specific Preferences for Causal Reasoning and Planning.},
  booktitle = KR04,
  year      = {2004},
  address   = {Whistler, Canada},
  month     = {June},
  pages     = {63-72}
}

@article{del-sch-tom07,
  author    = {James P. Delgrande and
               Torsten Schaub and
               Hans Tompits},
  title     = {A General Framework for Expressing Preferences in Causal Reasoning and Planning},
  journal = JLC,
  volume  = 17,
  year      = {2007},
  pages     = {871-907}
}


@InProceedings{bai-bac-mci07,
        author = {Jorge A. Baier and Fahiem Bacchus and Sheila A. McIlraith},
        title = {A Heuristic Search Approach to Planning with Temporally Extended Preferences},
        booktitle = IJCAI07,
        year = 2007,
        address = {Hyderabad, India},
        month   = {January},
        pages   = {1808-1815}
}

@article{bai-bac-mci09,
        author = {Jorge A. Baier and Fahiem Bacchus and Sheila A. McIlraith},
        title = {A Heuristic Search Approach to Planning with Temporally Extended Preferences},
        journal = AIJ,
        year = 2009,
        volume = 173,
        number={5-6},
        pages = {593-618}
}


@inproceedings{brewka04,
  author    = {Gerhard Brewka},
  title     = {A Rank Based Description Language for Qualitative Preferences},
  booktitle = {ECAI04},
  year      = {2004},
  pages     = {303-307},
  address   = {Valencia, Spain},
  month     = {August}
}

@inproceedings{fel-bre-wen06,
  author    = {Robert Feldmann and
               Gerhard Brewka and
               Sandro Wenzel},
  title     = {Planning with Prioritized Goals},
  booktitle = KR06,
  year      = {2006},
  pages     = {503-514},
  address   = {Lake District, England},
  month     = {July}
}


@inproceedings{brewka89,
  author    = {Gerhard Brewka},
  title     = {Preferred Subtheories: An Extended Logical Framework for
               Default Reasoning},
  booktitle = IJCAI89,
  year      = {1989},
  pages     = {1043-1048},
  address   = {Detroit, MI}
}

@inproceedings{pearl90,
  author    = {Judea Pearl},
  title     = {System {Z}: A Natural Ordering of Defaults with Tractable
               Applications to Nonmonotonic Reasoning},
  booktitle = TARK90,
  year      = {1990},
  pages     = {121-135},
  address   = {Pacific Grove, CA}
}

@book{Pearl84,
 author = {Pearl, Judea},
 title = {Heuristics:  Preintelligent Search Strategies for Computer Problem Solving},
 year = {1984},
 isbn = {0-201-05594-5},
 publisher = {Addison-Wesley Longman Publishing Co., Inc.},
 address = {Boston, MA, USA},
}




@article{hoffmann03,
  author    = {J{\"o}rg Hoffmann},
  title     = {The {M}etric-{FF} Planning System: Translating ``Ignoring  Delete Lists'' to Numeric State Variables},
  journal   = JAIR,
  volume    = {20},
  year      = {2003},
  pages     = {291-341},
}


@article{helmert06,
  author =       "Malte Helmert",
  title =        "The {Fast} {Downward} Planning System",
  journal =      JAIR,
  year =         "2006",
  volume =       "26",
  pages =        "191--246"
}

@inproceedings{RichterH09,
  author    = {Silvia Richter and
               Malte Helmert},
  title     = {Preferred Operators and Deferred Evaluation in Satisficing
               Planning},
  booktitle = ICAPS09,
  year      = {2009}
}

@inproceedings{RichterTR10,
  author    = {Silvia Richter and
               Jordan Tyler Thayer and
               Wheeler Ruml},
  title     = {The Joy of Forgetting: Faster Anytime Search via Restarting},
  booktitle = ICAPS10,
  year      = {2010},
  pages     = {137-144}
}

@inproceedings{ThayerDR11,
  author    = {Jordan Tyler Thayer and
               Austin J. Dionne and
               Wheeler Ruml},
  title     = {Learning Inadmissible Heuristics During Search},
  booktitle = ICAPS11,
  address   = {Freinurg, Germany},
  year      = {2011},
  pages     = {250-257}
}




@inproceedings{HelmertD09,
  author    = {Malte Helmert and
               Carmel Domshlak},
  title     = {Landmarks, Critical Paths and Abstractions: What's the Difference
               Anyway?},
  booktitle = ICAPS09,
  year      = {2009}
}



@misc{ipc5,
  author = "Alfonso Gerevini and Yannis Dimopoulos and Patrik Haslum and Alessandro Saetti",
  title  = "5th {I}nternational {P}lanning {C}ompetition",
  year   = 2006,
  month  = {July},
  note    = "\url{http://zeus.ing.unibs.it/ipc-5/}"
}



@inproceedings{dimetal06,
 author="Yannis Dimopolus and Alfonso Gerevini and Patrik Haslum and Alessandro Saetti",
 title="The Benchmark Domains of the Detrministic Part of IPC-5",
 booktitle=IPC5,
 year=2006,
 month={July},
 note= "\url{http://zeus.ing.unibs.it/ipc-5/}"
}


@inproceedings{gersch00,
  author    = {Alfonso Gerevini and Lenhart K. Schubert},
  title     = {Discovering State Constraints in {DISCOPLAN}: Some New Results},
  booktitle = AAAI00,
  year      = {2000},
  pages     = {761-767},
  address   = {Austin, Texas}
}

@article{GereviniSS03,
  author    = {Alfonso Gerevini and
               Alessandro Saetti and
               Ivan Serina},
  title     = {Planning Through Stochastic Local Search and Temporal Action
               Graphs in LPG},
  journal   = JAIR,
  volume    = {20},
  year      = {2003},
  pages     = {239-290},
  ee        = {http://www.cs.washington.edu/research/jair/abstracts/gerevini03a.html},
  bibsource = {DBLP, http://dblp.uni-trier.de}
}


@inproceedings{RichterHW08,
  author    = {Silvia Richter and
               Malte Helmert and
               Matthias Westphal},
  title     = {Landmarks Revisited},
  booktitle = AAAI08,
  year      = {2008},
  pages     = {975-982},
  address   = {Chicago, IL}
}



@article{bry-kab07,
  author    = {Daniel Bryce and Subbarao Kambhampati},
  title     = {How to skin a planning graph for fun and profit: A Tutorial on Planning Graph Based Reachability Heuristics},
  journal   = AIMAG,
  volume    = 28,
  pages     = {47-83},
  number    = 1
}


@inproceedings{ngu-kab00,
  author    = {XuanLong Nguyen and
               Subbarao Kambhampati},
  title     = {Extracting Effective and Admissible State Space Heuristics
               from the Planning Graph.},
  booktitle = AAAI00,
  year      = {2000},
  pages     = {798-805},
}

@article{niemela99,
  author    = {Ilkka Niemel{\"a}},
  title     = {Logic Programs with Stable Model Semantics as a Constraint
               Programming Paradigm},
  journal   = AMAI,
  volume    = {25},
  number    = {3-4},
  year      = {1999},
  pages     = {241-273}
}


@inproceedings{brieletal04,
  author    = {Menkes van den Briel and
               Romeo Sanchez Nigenda and
               Minh Binh Do and
               Subbarao Kambhampati},
  title     = {Effective Approaches for Partial Satisfaction (Over-Subscription)
               Planning},
  booktitle = AAAI04,
  year      = {2004},
  pages     = {562-569}
}

@inproceedings{san-kab05,
  author    = {Romeo Sanchez and Subbarao Kambhampati},
  title     = {Planning Graph Heuristics for Selecting Objectives in Over-Subscription Planning Problems},
  booktitle = ICAPS05,
  address   = {Monterey, CA},
  year      = {2005},
  pages     = {192-201},
}

@inproceedings{doetal07,
  author    = {Minh Binh Do and J. Benton and Menkes van den Briel and Subbarao Kambhampati},
  title     = {Planning with Goal Utility Dependencies},
  booktitle = IJCAI07,
  year      = {2007},
  pages     = {1872-1878},
  address   = {Hyderabad, India}
}


@Article{do-kab03,
  author =       {Minh Binh Do and Subbarao Kambhampati},
  title =        {{Sapa}: A Scalable Multi-Objective Metric Temporal Planner},
  journal = JAIR,
  year =         {2003},
  volume =       {20},
  pages =        {155-194}
}

@inproceedings{doetal,
  author    = {Minh Binh Do and
               J. Benton and
               Menkes van den Briel and
               Subbarao Kambhampati},
  title     = {Planning with Goal Utility Dependencies},
  booktitle = {IJCAI},
  year      = {2007},
  pages     = {1872-1878},
  address   = {Hyderabad, India}
}

@inproceedings{smi04,
  author    = {David E. Smith},
  title     = {Choosing Objectives in Over-Subscription Planning},
  booktitle = ICAPS04,
  year      = 2004,
  pages     = {393-401},
  address   = {Whistler, Canada}
}

@inproceedings{col-smi06,
	author = "Andrew  Coles and Amanda Smith",
	title = "Generic Types and their Use in Improving the Quality of Search Heuristics",
	booktitle = "\Proceedings \ofthe 25th Workshop of the UK Planning and Scheduling Special Interest Group (PlanSIG 2006)",
	year = "2006",
	month = "December",
}


@inproceedings{kau-sel99,
  author    = {Henry A. Kautz and
               Bart Selman},
  title     = {Unifying {SAT}-based and Graph-based Planning},
  booktitle = IJCAI99,
  year      = {1999},
  pages     = {318-325},
  address   = {Stockholm, Sweden}
}

@inproceedings{giu-mar07,
        author = {Enrico Giunchiglia and Marco Maratea},
        title = {Planning as Satisfiability with Preferences},
        booktitle = AAAI07,
        address = {Vancouver, British Columbia},
        year = 2007,
        pages= {987-992}
}

@misc{has07,
    author = {Patrik Haslum},
    title = {Openstacks {SP-NCE} domain},
    year = {2007},
    url = {http://users.rsise.anu.edu.au/~patrik/ipc5.html}
}

@inproceedings{sha-pis-tra06,
  author    = {Dmitry Shaparau and
               Marco Pistore and
               Paolo Traverso},
  title     = {Contingent Planning with Goal Preferences},
  booktitle = AAAI06,
  year      = {2006},
  address   = {Boston, MA}
}

@article{boubraaim08,
  author   = {Darius Braziunas and  Craig Boutilier},
  title    = {Elicitation of Factored Utilities},
  journal= AIMAG,
  year     = 2008,
  volume   = {??},
  number   = {??},
  pages    = {??-??}
}

@article{brewaim08,
  author   = {Gerhard Brewka and  Ilkka Niemel{\"a} and MirekTruszczynski},
  title    = {Preferences and Nonmonotonic Reasoning},
  journal= AIMAG,
  year     = 2008,
  volume   = {??},
  number   = {??},
  pages    = {??-??}
}


@article{FikesN71,
  author    = {Richard Fikes and
               Nils J. Nilsson},
  title     = {{STRIPS}: {A} New Approach to the Application of Theorem Proving
               to Problem Solving},
  journal   = AIJ,
  volume    = {2},
  number    = {3/4},
  year      = {1971},
  pages     = {189-208}
}

@article{HartNR68,
  author    = {Peter E. Hart and Nils Nilsson and B. Raphael},
  title     = {A formal basis for the heuristic determination of minimal cost paths},
  journal   = {{IEEE Transactions on Systems Science and Cybernetics}},
  year      = 1968,
  volume    = 4,
  number    = 2
}



@inproceedings{nau-etal99,
  author    = {Dana S. Nau and
               Yue Cao and
               Amnon Lotem and
               H{\'e}ctor Mu{\~n}oz-Avila},
  title     = {{SHOP}: Simple Hierarchical Ordered Planner.},
  booktitle = IJCAI99,
  year      = {1999},
  pages     = {968-975}
}

@article{golog,
  author    = {Hector Levesque and
               Raymond Reiter and
               Yves Lesp{\'e}rance and
               Fangzhen Lin and
               Richard B. Scherl},
  title     = {{GOLOG}: A Logic Programming Language for Dynamic Domains},
  journal   = JLP,
  volume    = {31},
  number    = {1-3},
  year      = {1997},
  pages     = {59-83}
}

@inproceedings{kimwilabr01,
  author    = {Phil Kim and  Brian C. Williams and Mark Abramson},
  title    = {Executing Reactive, Model-based Programs through Graph-based
              Temporal Planning},
  booktitle = IJCAI01,
  year      = {2001},
  pages     = {487-493}
}

@inproceedings{ClaEyeLakNeb2007GologPlanning,
  author    = {Jens Cla{\ss}en and
               Patrick Eyerich and
               Gerhard Lakemeyer and
               Bernhard Nebel},
  title     = {Towards an Integration of {G}olog and Planning},
  booktitle = IJCAI07,
  year      = 2007,
  pages     = {1846-1851}
}

@inproceedings{samson-kr-02,
  AUTHOR = {Sheila McIlraith and Tran Cao Son},
  TITLE = {Adapting {G}olog for Composition of Semantic Web Services},
  BOOKTITLE = KR02,
  ADDRESS = {Toulouse, France},
  MONTH = {April},
  PAGES = {482-493},
  YEAR = 2002
}

@Article{fik72,
  author =       {Richard E. Fikes and Peter E. Hart and Nils J. Nilsson},
  title =        {Learning and executing generalized robot plans},
  journal =      AIJ,
  year =         {1972},
  volume =       {3},
  pages =        {251--288}
}

@article{sac74,
   author = "Earl Sacerdoti",
   title = "Planning in a hierarchy of abstraction spaces",
   year = "1974",
   journal = AIJ,
   volume = "5",
   pages = "115-135"}

@article{kor87,
     author = "Richard E. Korf",
     title = "Planning as Search: {A} Quantitative Approach",
     journal = AIJ,
     volume = "33",
     number = "1",
     pages = "65-88",
     year = "1987"}


@inproceedings{samfadel02,
  author    = {Sheila A. McIlraith and Ronald Fadel},
  title     = {Planning with complex actions.},
  booktitle = {9th International Workshop on Non-Monotonic Reasoning (NMR)},
  year      = {2002},
  pages     = {356-364},
  address   = {Toulouse, France}
}

@inproceedings{ero94b,
     author = "Kutluhan Erol and James Hendler and Dana Nau",
     title = "{HTN} Planning: Complexity and Expressivity",
     booktitle = AAAI94,
     volume = "2",
     pages = "1123--1128",
     year = "1994"}

@INPROCEEDINGS{levesque96,
  AUTHOR = {Hector Levesque},
  TITLE = {What is Planning in the Presence of Sensing?},
  BOOKTITLE = AAAI96,
  PAGES = {1139--1146},
  ADDRESS = {Portland, Oregon},
  YEAR = 1996
}

@ARTICLE{scherl03,
  AUTHOR = {Richard Scherl and Hector Levesque},
  TITLE = {Knowledge, Action, and the Frame Problem},
  JOURNAL = AIJ,
  VOLUME = {144},
  NUMBER = {1--2},
  PAGES = {1--39},
  YEAR = 2003
}

@inproceedings{ScherlL93,
  author    = {Richard B. Scherl and
               Hector J. Levesque},
  title     = {The Frame Problem and Knowledge-Producing Actions},
  booktitle = AAAI93,
  year      = {1993},
  pages     = {689-695}
}


@InCollection{	  moore85,
  author	= {Robert C Moore},
  title		= {{A formal Theory of Knowledge and Action}},
  booktitle	= {Formal Theories of the Commonsense World},
  publisher	= {Ablex Publishing Corp.},
  year		= {1985},
  editor	= {Hobbs, Jerry B. and Moore, Robert C.},
  chapter	= {9},
  pages		= {319-358},
  address	= {Norwood, New Jersey}
}

@incollection{giacomo99,
  AUTHOR = {De Giacomo, Giuseppe and Hector Levesque},
  TITLE = {An Incremental Interpreter for High-Level Programs
                   with Sensing},
  BOOKTITLE = {Logical foundation for cognitive agents: contributions
                   in honor of {R}ay {R}eiter},
  PUBLISHER = {Springer Verlag},
  EDITOR = {Hector Levesque and Fiora Pirri},
  PAGES = {86--102},
  ADDRESS = {Berlin},
  YEAR = 1999
}


@ARTICLE(davis94,
    author = "Ernest Davis",
    title = "Knowledge Preconditions for Plans",
    journal = JLC,
    year = "1994",
    pages ="721-766",
    number = "5",
    volume = "4"
    )

@ARTICLE{lespetal-01,
  AUTHOR = {Yves Lesp\'{e}rance and Hector Levesque and Fangzhen Lin and Richard Scherl},
  TITLE = {Ability and Knowing How in the Situation Calculus},
  JOURNAL = {Studia Logica},
  VOLUME = {66},
  NUMBER = {1},
  PAGES = {165--186},
  KEY = {CogRobo},
  MONTH = {October},
  YEAR = 2000
}

@ARTICLE{sardetal-04,
  AUTHOR = {Sebastian Sardina and Giuseppe de Giacomo and
                   Yves Lesp\'{e}rance  and Hector Levesque},
  TITLE = {On the Semantics of Deliberation in {I}ndi{G}olog --
                   From Theory to Implementation},
  JOURNAL = AMAI,
  VOLUME = {41},
  NUMBER = {2-4},
  PAGES = {259-299},
  KEY = {CogRobo},
  MONTH = {August},
  YEAR = 2004
}

@inproceedings{weld98,
  author    = {Daniel S. Weld and
               Corin R. Anderson and
               David E. Smith},
  title     = {Extending Graphplan to Handle Uncertainty {\&} Sensing Actions},
  booktitle = AAAI98,
  year      = {1998},
  pages     = {897-904}
}

@inproceedings{bongeff00,
  author    = {Blai Bonet and
               Hector Geffner},
  title     = {Planning with Incomplete Information as Heuristic Search in Belief Space.},
  booktitle = AIPS00,
  year      = {2000},
  pages     = {52-61}
}

@inproceedings{bertoli01,
  author    = {Piergiorgio Bertoli and
               Alessandro Cimatti and
               Marco Roveri and
               Paolo Traverso},
  title     = {Planning in Nondeterministic Domains under Partial Observability
               via Symbolic Model Checking.},
  booktitle = IJCAI01,
  address   = {Seattle, WA, USA},
  year      = {2001},
  pages     = {473-478}
}

@inproceedings{son04,
  author    = {Tran Cao Son and
               Phan Huy Tu and
               Chitta Baral},
  title     = {Planning with Sensing Actions and Incomplete Information
               Using Logic Programming},
  booktitle     = LPNMR07,
  year      = {2004},
  publisher = {Springer},
  series    = {Lecture Notes in Computer Science},
  volume    = {2923},
  address   = {Fort Lauderdale, FL, USA},
  pages     = {261-274}
}

@inproceedings{petrick02,
  author    = {Ronald P. A. Petrick and
               Fahiem Bacchus},
  title     = {A Knowledge-Based Approach to Planning with Incomplete Information
               and Sensing.},
  booktitle = AIPS02,
  year      = {2002},
  pages     = {212-222},
  address   = {Toulouse, France}
}

@ARTICLE{giacomo00,
  AUTHOR = {De Giacomo, Giuseppe and Yves Lesp\'{e}rance  and
                   Hector Levesque },
  TITLE = {Con{G}olog, A Concurrent Programming Language Based on
                   the Situation Calculus},
  JOURNAL = AIJ,
  VOLUME = {121},
  NUMBER = {1-2},
  PAGES = {109-169},
  KEY = {CogRobo},
  YEAR = 2000
}

@inproceedings{hof-bra05,
  author = 	 {J{\"o}rg Hoffmann and Ronen Brafman},
  title = 	 {Contingent Planning via Heuristic Forward Search with Implicit Belief States},
  pages =        {71-80},
  booktitle = 	 ICAPS05,
  month   =      {June},
  year = 	 2005,
  publisher =    {Morgan Kaufmann},
  address = 	 {Monterey, CA, USA}
}

@inproceedings{baimci05,
     author = "Jorge Baier and Sheila McIlraith",
     title = "Planning with Programs that Sense",
     booktitle = NRAC05,
     year = 2005,
     pages = {7-14},
     month = {August},
     address = {Edinburgh, Scotland}
}

@inproceedings{bai-mci06d,
  author    = {Jorge A. Baier and
               Sheila A. McIlraith},
  title     = {On Planning with Programs that Sense},
  booktitle = KR06,
  year      = {2006},
  pages     = {492-502},
  address   = {Lake District, UK}
}


@InProceedings{bacpet98,
  author =    "Fahiem Bacchus and Ron Petrick",
  title =     "Modeling an agent's incomplete knowledge
               during planning and execution",
  pages =     "432--443",
  booktitle = KR98,
  publisher = "Morgan Kaufmann Publishers",
  address =   "San Francisco, CA",
  month =     jun,
  year =      1998
}

@ARTICLE{ped88,
  AUTHOR = {Edwin Pednault},
  TITLE = {Synthesizing plans that contain actions with context-dependent effects},
  JOURNAL = COMPINT,
  VOLUME = {4},
  NUMBER = {4},
  PAGES = {356--372},
  YEAR = {1988}
}


@inproceedings{CerritoMP99,
  author    = {Serenella Cerrito and
               Marta Cialdea Mayer and
               S{\'e}bastien Praud},
  title     = {{First Order Linear Temporal Logic over Finite Time Structures}},
  booktitle = LPAR99,
  year      = {1999},
  pages     = {62-76},
  address   = {Tbilisi, Georgia},
  month     = {September},
  series    = LNCS,
  volume    = {1705},
  isbn      = {3-540-66492-0},
  bibsource = {DBLP, http://dblp.uni-trier.d}
}

@Article{HoffmannE05,
  author =       {J{\"o}rg Hoffmann and Stefan Edelkamp},
  title =        {{The Deterministic Part of IPC-4: An Overview}},
  journal =      JAIR,
  year = {2005},
  volume = {24},
  pages = {519-579}
}

@inproceedings{GaOd01,
  	address =	{Paris, France},
  	author =	{Gastin, Paul and Oddoux, Denis},
  	booktitle =	{{P}roceedings \ofthe 13th {I}nternational {C}onference on {C}omputer {A}ided {V}erification ({CAV}'01)},
  	editor =	{Berry, G{\'e}rard and Comon, Hubert and Finkel, Alain},
  	month =	jul,
  	pages =	{53-65},
  	publisher =	{Springer},
  	series =	LNCS,
  	title =	{Fast {LTL} to {B}{\"u}chi Automata Translation},
  	volume =	{2102},
  	year =	{2001},
}

@article{Helmert03,
  author    = {Malte Helmert},
  title     = {Complexity results for standard benchmark domains in planning},
  journal   = AIJ,
  volume    = {143},
  number    = {2},
  year      = {2003},
  pages     = {219-262}
}

@inproceedings{Helmert06b,
  author    = {Malte Helmert},
  title     = {New Complexity Results for Classical Planning Benchmarks},
  booktitle = ICAPS06,
  year      = {2006},
  pages     = {52-62}
}



@article{McIlraithSZ01,
  author    = {Sheila A. McIlraith and
               Tran Cao Son and
               Honglei Zeng},
  title     = {Semantic Web Services},
  journal   = {{IEEE} Intelligent Systems},
  volume    = {16},
  number    = {2},
  year      = {2001},
  pages     = {46-53}
}




@INPROCEEDINGS{Srivastava03,
    author = {Biplav Srivastava and Jana Koehler},
    title = {Web Service Composition - Current Solutions and Open Problems},
    booktitle = {In: ICAPS 2003 Workshop on Planning for Web Services},
    year = {2003},
    pages = {28--35}
}

@article{semwebagents2,
  author = {James Hendler},
  journal = {Nature Web Matters},
  title = {Is there an intelligent agent in your future?},
  url = {http://www.nature.com/nature/webmatters/agents/agents.html},
  volume = {March},
  year = {1999}
}

@article{Savitch70,
  author    = {Walter J. Savitch},
  title     = {Relationships Between Nondeterministic and Deterministic
               Tape Complexities},
  journal   = JCSS,
  volume    = {4},
  number    = {2},
  year      = {1970},
  pages     = {177-192}
}


@article{JonssonB98,
  author    = {Peter Jonsson and
               Christer B{\"a}ckstr{\"o}m},
  title     = {Tractable Plan Existence Does Not Imply Tractable Plan Generation},
  journal   = AMAI,
  volume    = {22},
  number    = {3-4},
  year      = {1998},
  pages     = {281-296}
}

@article{GuptaN92,
  author    = {Naresh Gupta and
               Dana S. Nau},
  title     = {On the Complexity of Blocks-World Planning},
  journal   = AIJ,
  volume    = {56},
  number    = {2-3},
  year      = {1992},
  pages     = {223-254}
}

@article{BaralKT00,
  author    = {Chitta Baral and
               Vladik Kreinovich and
               Raul Trejo},
  title     = {Computational complexity of planning and approximate planning
               in the presence of incompleteness},
  journal   = AIJ,
  volume    = {122},
  number    = {1-2},
  year      = {2000},
  pages     = {241-267}
}

@Article{Backstrom:95,
  author = {C. B\"{a}ckstr\"{o}m and B. Nebel},
  title = "{C}omplexity {R}esults for {SAS}+ {P}lanning",
  journal = COMPINT,
  volume = {11},
  number = {4},
  pages = {625-655},
  year = "1995"
}

@article{ bai-mci-aimag08,
  author = {Jorge A. Baier and Sheila A. McIlraith},
  journal = AIMAG,
  title = {Planning with Preferences},
  number = {4},
  volume = {29},
  year = {2008},
  pages = {25-36}
}

@inproceedings{Levesque05,
  author    = {Hector J. Levesque},
  title     = {Planning with Loops},
  booktitle = IJCAI05,
  year      = {2005},
  pages     = {509-515},
  address   = {Edinburgh, Scotland}
}

@article{BoteaEMS05,
  author    = {Adi Botea and
               Markus Enzenberger and
               Martin M{\"u}ller and
               Jonathan Schaeffer},
  title     = {Macro-{FF}: Improving {AI} Planning with Automatically Learned
               Macro-Operators},
  journal   = JAIR,
  volume    = {24},
  year      = {2005},
  pages     = {581-621}
}

@inproceedings{Coles:08,
  author = {Andrew Coles and Maria Fox and Derek Long and Amanda Smith},
  title = {{A Hybrid Relaxed Planning Graph-LP Heuristic for Numeric Planning Domains}},
  booktitle = ICAPS08,
  year = {2008},
  pages = {52--59}
}
\
@article{HoffmannPS04,
  author    = {J{\"o}rg Hoffmann and
               Julie Porteous and
               Laura Sebastia},
  title     = {Ordered Landmarks in Planning},
  journal   = JAIR,
  volume    = {22},
  year      = {2004},
  pages     = {215-278}
}

@inproceedings{ soh-bai-mci-ijcai09,
  title = {HTN Planning with Preferences},
  booktitle = IJCAI09,
  author = {Shirin Sohrabi and Jorge Baier and Sheila A. McIlraith},
  year = {2009},
  pages= {1790-1797},
  address = {Pasadena, California}
}

@inproceedings{soh-bai-mci-kr10,
  title = {Diagnosis as Planning Revisited},
  author = {Shirin Sohrabi and Jorge Baier and Sheila A. McIlraith},
  booktitle = KR10,
  year = {2010},
  note = {To appear},
  address = {Toronto, Canada}
}


@inproceedings{FritzBM08,
  author    = {Christian Fritz and
               Jorge A. Baier and
               Sheila A. McIlraith},
  title     = {{C}on{G}olog, Sin {T}rans: Compiling {C}on{G}olog into Basic Action
               Theories for Planning and Beyond},
  booktitle = KR08,
  year      = {2008},
  pages     = {600-610},
  address   = {Sydney, Australia}
}

@inproceedings{PistoreMBT05,
  author    = {Marco Pistore and
               Annapaola Marconi and
               Piergiorgio Bertoli and
               Paolo Traverso},
  title     = {Automated Composition of Web Services by Planning at the
               Knowledge Level},
  booktitle = IJCAI05,
  year      = {2005},
  pages     = {1252-1259}
}

@inproceedings{soh-pro-mci-06,
  author = {Shirin Sohrabi and Natasha Prokoshyna and Sheila. A. McIlraith},
  booktitle = ISWC06,
  title = {Web Service Composition Via Generic Procedures and Customizing User Preferences},
  year = {2006},
  pages = {597-611},
  address = {Athens, Georgia}
}

@inproceedings{WangBM09,
  author    = {Letao Wang and Jorge A. Baier and Sheila A. McIlraith},
  title     = {Viewing Ordered Landmarks as Temporally Extended Goals},
  booktitle = {\Proceedings of ICAPS Workshop on Heuristics for Domain-Independent Planning},
  year      = {2009}
}


@inproceedings{AlbargBM09,
  author    = {Aws Albarghouthi and Jorge A. Baier and Sheila A. McIlraith},
  title     = {On the Use of Planning Technology for Verification},
  booktitle = {\Proceedings of ICAPS Workshop on Verification and Validation of
Planning and Scheduling Systems},
  year      = {2009}
}

@article{Helmert09,
  author    = {Malte Helmert},
  title     = {Concise finite-domain representations for PDDL planning
               tasks},
  journal   = AIJ,
  volume    = {173},
  number    = {5-6},
  year      = {2009},
  pages     = {503-535}
}

@inproceedings{EdelkampH99,
  author    = {Stefan Edelkamp and
               Malte Helmert},
  title     = {Exhibiting Knowledge in Planning Problems to Minimize State
               Encoding Length},
  booktitle = ECP99,
  year      = {1999},
  pages     = {135-147}
}

@inproceedings{GimenezJ07,
  author    = {Omer Gim{\'e}nez and
               Anders Jonsson},
  title     = {On the Hardness of Planning Problems with Simple Causal
               Graphs},
  booktitle = ICAPS07,
  year      = {2007},
  pages     = {152-159}
}


@inproceedings{PalaciosG06,
  author    = {H{\'e}ctor Palacios and
               Hector Geffner},
  title     = {Compiling Uncertainty Away: Solving Conformant Planning
               Problems using a Classical Planner (Sometimes)},
  booktitle = AAAI06,
  year      = {2006}
}

@inproceedings{YoonFG07,
  author    = {Sung Wook Yoon and
               Alan Fern and
               Robert Givan},
  title     = {FF-Replan: A Baseline for Probabilistic Planning},
  booktitle = ICAPS07,
  year      = {2007},
  pages     = {352-359}
}

@inproceedings{YoonFGK08,
  author    = {Sung Wook Yoon and
               Alan Fern and
               Robert Givan and
               Subbarao Kambhampati},
  title     = {Probabilistic Planning via Determinization in Hindsight},
  booktitle = AAAI08,
  year      = {2008}
}

@inproceedings{HuiLM03,
  author    = {Bowen Hui and
               Sotirios Liaskos and
               John Mylopoulos},
  title     = {Requirements Analysis for Customizable Software Goals-Skills-Preferences
               Framework},
  booktitle = {\longshort{\Proceedings \ofthe 11th IEEE \International \Conference on Requirements Engineering}{RE}},
  year      = {2003},
  pages     = {117-126}
}

@inproceedings{ThrunBBCDFHRRSS99,
  author    = {Sebastian Thrun and
               Maren Bennewitz and
               Wolfram Burgard and
               Armin B. Cremers and
               Frank Dellaert and
               Dieter Fox and
               Dirk H{\"a}hnel and
               Charles R. Rosenberg and
               Nicholas Roy and
               Jamieson Schulte and
               Dirk Schulz},
  title     = {MINERVA: A Second-Generation Museum Tour-Guide Robot},
  booktitle = {ICRA},
  year      = {1999},
  pages     = {1999-2005},
  bibsource = {DBLP, http://dblp.uni-trier.de}
}


@article{FerreinFL05,
  author    = {Alexander Ferrein and
               Christian Fritz and
               Gerhard Lakemeyer},
  title     = {Using Golog for Deliberation and Team Coordination in Robotic
               Soccer},
  journal   = KI,
  volume    = {19},
  number    = {1},
  year      = {2005},
  pages     = {24-31},
  ee        = {http://www.kuenstliche-intelligenz.de/index.php?id=no-6423{\&}tx_ki_pi1[showUid]=1056{\&}cHash=50221fbd77},
  bibsource = {DBLP, http://dblp.uni-trier.de}
}

@inbook{Levesque07chapter:cognitive,
    author = {Hector Levesque and Gerhard Lakemeyer},
    title = {Cognitive robotics},
    series = {Handbook of Knowledge Representation},
    year = {2007},
    isbn = {0-444-52211-5},
    editors = {van Harmelen, Frank and Vladimir Lifschitz and Bruce Porter},
    publisher = {Elsevier}
}


@inproceedings{RosaJB08,
  author    = {Tom{\'a}s de la Rosa and
               Sergio Jim{\'e}nez and
               Daniel Borrajo},
  title     = {Learning Relational Decision Trees for Guiding Heuristic
               Planning},
  booktitle = ICAPS08,
  year      = {2008},
  pages     = {60-67}
}

@inproceedings{mui-etal-icaps09,
  author = {Christian Muise and Sheila McIlraith and Jorge A. Baier and Michael Reimer},
  title = {Exploiting N-gram Analysis to Predict Operator Sequences},
  booktitle = ICAPS09,
  address = {Thessaloniki, Greece},
  year = {2009}
}

@inproceedings{BaierB09,
  author = {Jorge A. Baier and Adi Botea},
  title = {Improving Planning Performance Using Low-Conflict Relaxed Plans},
  booktitle = ICAPS09,
  address = {Thessaloniki, Greece},
  note = {To appear},
  year = {2009}
}


@incollection{WechslerBNB04,
  author    = {Katia Wechsler and
               Jorge A. Baier and
               Miguel Nussbaum and
               Ricardo A. Baeza-Yates},
  title     = {Semantic Search in the WWW Supported by a Cognitive Model},
  booktitle = {\longshort{5th International
               Conference Advances in Web-Age Information Management}{WAIM}},
  year      = {2004},
  pages     = {315-324},
  address   = {Dalian, China},
  series    = LNCS,
  volume    = {3129},
  publisher = {Springer}
}

@article{BaierP03,
  author    = {Jorge A. Baier and
               Javier Pinto},
  title     = {Planning under uncertainty as Golog programs},
  journal   = JETAI,
  volume    = {15},
  number    = {4},
  year      = {2003},
  pages     = {383-405},
}

@inproceedings{Baier02,
  author    = {Jorge A. Baier},
  title     = {On Procedure Recognition in the Situation Calculus},
  booktitle = SCCC02,
  year      = {2002},
  address   = {Copiapo, Chile},
  pages     = {33-42}
}


@inproceedings{BaierP99,
  author    = {Jorge A. Baier and
               Javier Pinto},
  title     = {Integrating True Concurrency into the Robot Programming
               Language},
  booktitle = SCCC99,
  year      = {1999},
  address   = {Talca, Chile},
  pages     = {179-186}
}

@inproceedings{BaierFBM08,
  author    = {Jorge A. Baier and
               Christian Fritz and
               Meghyn Bienvenu and
               Sheila A. McIlraith},
  title     = {Beyond Classical Planning: Procedural Control Knowledge
               and Preferences in State-of-the-Art Planners},
  booktitle = AAAI08,
  year      = {2008},
  pages     = {1509-1512}
}


@InProceedings{kr00dx,
   author =       {Baral, C. and McIlraith, S. and Son, T. },
   title =        {Formulating Diagnostic Problem Solving Using an Action Language with Narratives and Sensing},
   booktitle =    KR00,
    year =         {2000},
    pages     = {311-322}
}


@inproceedings{Iwan99explainingwhat,
    author = {Gero Iwan},
    title = {Explaining what went wrong in dynamic domains},
    booktitle = KI99,
    year = {1999},
    pages = {poster presentation.}
}

@article{KleerMR92,
  author    = {Johan de Kleer and
               Alan K. Mackworth and
               Raymond Reiter},
  title     = {Characterizing Diagnoses and Systems},
  journal   = AIJ,
  volume    = {56},
  number    = {2-3},
  year      = {1992},
  pages     = {197-222}
}



@article{Reiter87,
 author = {Raymond Reiter},
 title = {A theory of diagnosis from first principles},
 journal = AIJ,
 volume = {32},
 number = {1},
 year = {1987},
 issn = {0004-3702},
 pages = {57--95},
 address = {Essex, UK}
 }



@inproceedings{sheilaKR98,
  author = {Sheila A. McIlraith},
  title = {Explanatory Diagnosis: Conjecturing Actions to Explain Observations},
  booktitle = KR98,
  year = {1998},
  pages = {167-179}
}

@inproceedings{GrastienARKAAAI07,
  author    = {Alban Grastien and
               Anbulagan and
               Jussi Rintanen and
               Elena Kelareva},
  title     = {Diagnosis of Discrete-Event Systems Using Satisfiability
               Algorithms},
  booktitle = AAAI07,
  year      = {2007},
  pages     = {305-310}
  }

@inproceedings{GrastienARK07,
author = {Alban Grastien and Anbulagan and Jussi Rintanen and
               Elena Kelareva},
title = {Modeling and Solving Diagnosis of Discrete-Event Systems via Satisfiability},
booktitle = DX07,
year = {2007}
 }


@inproceedings{RintanenG07,
  author    = {Jussi Rintanen and
               Alban Grastien},
  title     = {Diagnosability Testing with Satisfiability Algorithms},
  booktitle = {IJCAI},
  year      = {2007},
  pages     = {532-537}
}

@inproceedings{cor-thi-dx94,
    author = {Marie-Odile Cordier and Sylvie Thi\'{e}baux},
    title = {Event-Based Diagnosis of Evolutive Systems},
    booktitle = DX94,
    year = {1994},
    pages = {64--69}
}

@inproceedings{mci-dx94,
  author = {Sheila A. McIlraith},
  title = {Towards a Theory of Diagnosis, Testing and Repair},
  booktitle = DX94,
  year = {1994},
  pages = {185-192}
}

@article{thie-etai97,
  author    = {Michael Thielscher},
  title     = {A Theory of Dynamic Diagnosis. {E}lectronic Transactions on
               Artificial Intelligence},
  journal   = ETAI,
  volume    = {1},
  year      = {1997},
  pages     = {73-104}
}


@article{sampath95,
title={Diagnosability of discrete-event systems},
author={Sampath, M. and Sengupta, R. and Lafortune, S. and Sinnamohideen, K. and Teneketzis, D.},
journal={IEEE Transactions on Automatic Control},
year={1995},
volume={40},
number={9},
pages={1555-1575}
}

@incollection{Iwan01,
  author    = {Gero Iwan},
  title     = {History-Based Diagnosis Templates in the Framework of the
               Situation Calculus},
  booktitle = KI01,
  year      = {2001},
  publisher = {Springer},
  series    = LNCS,
  volume    = {2174},
  pages     = {244-259}
}

@book{LampertiZ03,
  author    = {Gianfranco Lamperti and
               Marina Zanella},
  title     = {Diagnosis of active systems},
  publisher = {Kluwer Academic Publishers},
  year      = {2003},
  pages     = {55-77}
}

@article{PencoleC05,
  author    = {Yannick Pencol{\'e} and
               Marie-Odile Cordier},
  title     = {A formal framework for the decentralised diagnosis of large
               scale discrete event systems and its application to telecommunication
               networks},
  journal   = AIJ,
  volume    = {164},
  number    = {1-2},
  year      = {2005},
  pages     = {121-170}
}

@book{clarkeGPD00,
	author = {Edmund  M. Clarke and Orna Grumberg and Doron  A. Peled},
	howpublished = {Hardcover},
	isbn = {0262032708},
	month = {January},
	publisher = {{The MIT Press}},
	title = {Model Checking},
	year = {2000}
}


@book{EdelkampS11,
   author={Stefan Edelkamp and Stefan Schr\"{o}dl},
   title={Heuristic Search: Theory and Applications},
   isbn={978-0-12-372512-7},
   year={2011},
   publisher={Morgan Kaufmann}}


@article{lamport77,
 author = {Leslie Lamport},
 title = {Proving the Correctness of Multiprocess Programs},
 journal = {{IEEE} Transactions on Software Engineering},
 volume = {3},
 number = {2},
 year = {1977},
 issn = {0098-5589},
 pages = {125--143},
 publisher = {IEEE Press},
 address = {Piscataway, NJ, USA}
 }


@article{schuppanBiere04,
  author    = {Viktor Schuppan and
               Armin Biere},
  title     = {Efficient reduction of finite state model checking to reachability
               analysis},
  journal   = STTT,
  volume    = {5},
  number    = {2-3},
  year      = {2004},
  pages     = {185-204},
  ee        = {http://www.springerlink.com/index/10.1007/s10009-003-0121-x},
  bibsource = {DBLP, http://dblp.uni-trier.de}
}

@phdthesis{baier-phdthesis,
  author = {Jorge A. Baier},
  title = {Effective Search Techniques for Non-Classical Planning via Reformulation},
  school = {University of Toronto},
  year   = 2010,
  type   = {{Ph.D. in Computer Science}}
}

@article{ClarkeBRZ01,
  author    = {Edmund M. Clarke and
               Armin Biere and
               Richard Raimi and
               Yunshan Zhu},
  title     = {Bounded Model Checking Using Satisfiability Solving},
  journal   = {Formal Methods in System Design},
  volume    = {19},
  number    = {1},
  year      = {2001},
  pages     = {7-34}
}

@article{Bulitko04,
  author    = {Vadim Bulitko},
  title     = {Learning for Adaptive Real-time Search},
  journal   = CORR,
  volume    = {cs.AI/0407016},
  year      = {2004},
  url        = {http://arxiv.org/abs/cs.AI/0407016}
}

@inproceedings{Ishida92,
  author    = {Toru Ishida},
  title     = {Moving Target Search with Intelligence},
  booktitle = AAAI92,
  year      = {1992},
  pages     = {525-532}
}

@article{KoenigS09,
  author    = {Sven Koenig and
               Xiaoxun Sun},
  title     = {Comparing real-time and incremental heuristic search for
               real-time situated agents},
  journal   = {Autonomous Agents and Multi-Agent Systems},
  volume    = {18},
  number    = {3},
  year      = {2009},
  pages     = {313-341}
}


@inproceedings{KoenigLikhachev06,
  author = {Sven Koenig and Maxim Likhachev},
  title = {Real-time adaptive {A}*},
  booktitle = AAMAS06,
  pages = {281--288},
  year = {2006}
}

@inproceedings{HernandezMeseguer05,
  author = {Carlos Hern\'{a}n\-dez and P. Meseguer},
  title = {{LRTA}*($k$)},
  booktitle = IJCAI05,
  pages = {1238-1243},
  year = {2005}
}

@inproceedings{HernandezMeseguer07,
  author = {Carlos Hern\'{a}n\-dez and P. Meseguer},
  title = {Improving {LRTA}*($k$)},
  booktitle = IJCAI07,
  pages = {2312-2317},
  year = {2007}
}

@article{Korf90,
  author = {Richard E. Korf},
  title = {Real-time heuristic search},
  journal = AIJ,
  volume = {42},
  number = {2-3},
  pages = {189--211},
  year = {1990}
}

@article{BulitkoLee06,
  author = {V. Bulitko and G. Lee},
  title = {Learning in real time search: a unifying framework},
  journal = JAIR,
  volume = {25},
  pages = {119-157},
  year = {2006}
}

@inproceedings{KoenigLikhachev02,
  author = {Sven Koenig and M. Likhachev},
  title = {D* Lite},
  booktitle = AAAI02,
  pages = {476--483},
  year = {2002}
}

@inproceedings{Stentz95,
  author = {Anthony Stentz},
  title = {The focussed {D}* algorithm for real-time replanning},
  booktitle = IJCAI95,
  pages = {1652--1659},
  year = {1995}
}

@inproceedings{EdelkampEckerle97,
  author = {S. Edelkamp and J. Eckerle},
  title = {New Strategies in Learning Real Time Heuristic Search},
  booktitle = {\Proceedings \ofthe AAAI Workshop on On-Line Search},
  pages = {30--35},
  year = {1997}
}

@inproceedings{Koenig04,
  author = {Sven Koenig},
  title = {A Comparison of Fast Search Methods for Real-Time Situated Agents},
  booktitle = AAMAS04,
  pages = {864--871},
  year = {2004}
}

@article{Koenig01,
  author = {Sven Koenig},
  title = {Agent-Centered Search},
  journal = AIMAG,
  volume = {22},
  number = {4},
  pages = {109--131},
  year = {2001}
}

@inproceedings{BjornssonBS09,

  author    = {Yngvi Bj{\"o}rnsson and
               Vadim Bulitko and
               Nathan R. Sturtevant},
  title     = {{TBA}*: Time-Bounded {A}*},
  booktitle = IJCAI09,
  year      = {2009},
  pages     = {431-436},

}

@inproceedings{RaynerDBAL07,
  author    = {D. Chris Rayner and
               Katherine Davison and
               Vadim Bulitko and
               Kenneth Anderson and
               Jieshan Lu},
  title     = {Real-Time Heuristic Search with a Priority Queue},
  booktitle = IJCAI07,
  year      = {2007},
  pages     = {2372-2377}
}



@inproceedings{SturtevantB05,
  author    = {Nathan R. Sturtevant and
               Michael Buro},
  title     = {Partial Pathfinding Using Map Abstraction and Refinement},
  booktitle = AAAI05,
  year      = {2005},
  pages     = {1392-1397},
}

@book{Bulitko10,
	author = {Vadim Bulitko and Yngvi Björnsson and Nathan Sturtevant and Ramon Lawrence},
	howpublished = {},
	isbn = {},
	month = {in press},
	publisher = {{Springer USA}},
	title = {Real-time Heuristic Search for Game Pathfinding. In book: Applied Research in Artificial Intelligence for Computer Games},
	year = {2010}
}

@book{Weiss1999,
  address = {Cambridge, MA},
  editor = {Gerhard Weiss},
  publisher = {{MIT} Press},
  title = {{Multiagent Systems: A Modern Approach to Distributed Artificial Intelligence}},
  year = {1999},
  isbn = {978-0-262-23203-6},
}



@inproceedings{Knight93,
 author    = {Kevin Knight},
 title     = {Are Many Reactive Agents Better Than a Few Deliberative
              Ones?},
 booktitle = IJCAI93,
 year      = {1993},
 pages     = {432-437},
 bibsource = {DBLP, http://dblp.uni-trier.de}
}
@book{CormenLRS01,
  author    = {Thomas H. Cormen and
               Charles E. Leiserson and
               Ronald L. Rivest and
               Clifford Stein},
  title     = {Introduction to Algorithms, Second Edition},
  publisher = {The MIT Press and McGraw-Hill Book Company},
  year      = {2001},
  isbn      = {0-262-03293-7, 0-07-013151-1},
  bibsource = {DBLP, http://dblp.uni-trier.de}
}

@article{KoenigTS03,
  author    = {Sven Koenig and
               Craig A. Tovey and
               Yury V. Smirnov},
  title     = {Performance bounds for planning in unknown terrain},
  journal   = AIJ,
  volume    = {147},
  number    = {1-2},
  year      = {2003},
  pages     = {253-279}
}


@inproceedings{BulitkoBLSS07,
  author    = {Vadim Bulitko and
               Yngvi Bj{\"o}rnsson and
               Mitja Lustrek and
               Jonathan Schaeffer and
               Sverrir Sigmundarson},
  title     = {Dynamic Control in Path-Planning with Real-Time Heuristic
               Search},
  booktitle = ICAPS07,
  year      = {2007},
  pages     = {49-56}
}

@article{BulitkoLSBS08,
  author    = {Vadim Bulitko and
               Mitja Lu\v{s}trek and
               Jonathan Schaeffer and
               Yngvi Bj{\"o}rnsson and
               Sverrir Sigmundarson},
  title     = {Dynamic Control in Real-Time Heuristic Search},
  journal   = JAIR,
  volume    = {32},
  year      = {2008},
  pages     = {419-452}
}



@article{KimK92,
   author = "Jin-Oh Kim and Pradeep Khosla",
   title = "Real-Time Obstacle Avoidance Using Harmonic Potential Functions",
   journal = "IEEE Transactions on Robotics and Automation",
   month = "June",
   year = "1992",
}

@inproceedings{HernandezB11,
  title = {Real-Time Heuristic Search with Depression Avoidance},
  booktitle = IJCAI11,
  author = {Carlos Hern\'{a}ndez  and Jorge A. Baier},
  month = {July},
  year = {2011},
  address = {Barcelona, Spain}
}

@inproceedings{HernandezB11c,
  title = {Real-Time Adaptive {A*} with Depression Avoidance},
  booktitle = AIIDE11,
  author = {Carlos Hern\'{a}ndez  and Jorge A. Baier},
  month = {October},
  year = {2011},
  address = {Palo Alto, California}
}

@inproceedings{HernandezB11a,
  title = {Escaping Heuristic Depressions in Real-Time Heuristic Search (Extended Abstract)},
  booktitle = AAMAS11,
  author = {Carlos Hern\'{a}ndez  and Jorge A. Baier},
  month = {May},
  year = {2011},
  address = {Taipei, Taiwan}
}

@inproceedings{HernandezSKM11,
  title = {Tree Adaptive {A*}},
  booktitle = AAMAS11,
  author = {Carlos Hern\'{a}ndez and Xiaoxun Sun and Sven Koenig and Pedro Meseguer},
  month = {May},
  year = {2011},
  address = {Taipei, Taiwan}
}


@inproceedings{HernandezB11b,
  title = {Fast Subgoaling for Pathfinding via Real-Time Search},
  booktitle = ICAPS11,
  author = {Carlos Hern\'{a}ndez and Jorge A. Baier},
  month = {June},
  year = {2011},
  address = {Freiburg, Germany}
}

@inproceedings{Botea11,
  author = "Adi Botea",
  title = {{Ultra-fast Optimal Pathfinding without Runtime Search}},
  booktitle = AIIDE11,
  month = oct,
  address = {Palo Alto, California},
  year = "2011"
}

@inproceedings{SturtevantB11,
  title = {Learning Where You Are Going and From Whence You Came: h- and g-cost Learning in Real-time Heuristic Search},
  booktitle = IJCAI11,
  author = {Nathan R. Sturtevant and Vadim Bulitko},
  month = {July},
  year = {2011},
  pages = {365-370},
  address = {Barcelona, Spain}
}

@inproceedings{Bond10,
  title = {Real-Time Search in Dynamic Worlds},
  booktitle = SOCS10,
  author = {David M. Bond and Niels A. Widger and Wheeler Ruml and Xiaoxun Sun},
  month = {July},
  year = {2010},
  address = {Atlanta, Georgia}
}

@article{BartoBS95 ,
  author    = {Andrew G. Barto and
               Steven J. Bradtke and
               Satinder P. Singh},
  title     = {Learning to Act Using Real-Time Dynamic Programming},
  journal   = AIJ,
  volume    = {72},
  number    = {1-2},
  year      = {1995},
  pages     = {81-138}
}



@inproceedings{KoenigL06,
  author    = {Sven Koenig and
               Maxim Likhachev},
  title     = {A New Principle for Incremental Heuristic Search: Theoretical
               Results},
  booktitle = ICAPS06,
  year      = {2006},
  pages     = {402-405},
  address   = {Lake District, UK}
}


@inproceedings{YokooK96,
  author    = {Makoto Yokoo and Yasuhiko Kitamura},
  title     = {Multiagent Real-time {A*} with Selection: Introducing Competition in Cooperative Search},
  booktitle = ICMAS96,
  year      = {1996},
  pages     = {409-416},
  address   = {Kyoto, Japan}
}

@inproceedings{KitamuraTT96,
  author    = {Yasuhiko Kitamura and  Teranishi, Ken-ichi and Shoji Tatsumi},
  title     = {Organizational Strategies for Multiagent Real-time Search},
  booktitle = ICMAS96,
  year      = {1996},
  pages     = {150-156},
  address   = {Kyoto, Japan}
}

@article{ShimboI03,
  author    = {Masashi Shimbo and
               Toru Ishida},
  title     = {Controlling the learning process of real-time heuristic
               search},
  journal   = AIJ,
  volume    = {146},
  number    = {1},
  year      = {2003},
  pages     = {1-41},
}
@article{Hoffmann05,
  author    = {J{\"o}rg Hoffmann},
  title     = {Where 'Ignoring Delete Lists' Works: Local Search Topology
               in Planning Benchmarks},
  journal   = JAIR,
  volume    = {24},
  year      = {2005},
  pages     = {685-758}
}

@inproceedings{Hoffmann11,
  author    = {Joerg Hoffmann},
  title     = {Where Ignoring Delete Lists Works, Part {II}: Causal Graphs},
  booktitle = ICAPS11,
  year      = {2011},
  pages     = {98-105},
  bibsource = {DBLP, http://dblp.uni-trier.de}
}

@article{CushingBK2011,
  author    = {William Cushing and
               J. Benton and
               Subbarao Kambhampati},
  title     = {Cost Based Satisficing Search Considered Harmful},
  journal   = {CoRR},
  volume    = {abs/1103.3687},
  year      = {2011},
  ee        = {http://arxiv.org/abs/1103.3687},
  bibsource = {DBLP, http://dblp.uni-trier.de}
}


@article{Zelinsky92,
  author    = {Alexander Zelinsky},
  title     = {A mobile robot exploration algorithm},
  journal   = IEEETRA,
  volume    = {8},
  number    = {6},
  year      = {1992},
  pages     = {707-717}
}

@article{HernandezB12,
  author    = {Carlos Hern{\'a}ndez and
               Jorge A. Baier},
  title     = {Avoiding and Escaping Depressions in Real-Time Heuristic
               Search},
  journal   = JAIR,
  volume    = {43},
  year      = {2012},
  pages     = {523-570},
  ee        = {http://dx.doi.org/10.1613/jair.3590},
  bibsource = {DBLP, http://dblp.uni-trier.de}
}

@inproceedings{HernandezBUK12,
  author    = {Carlos Hern{\'a}ndez and
               Jorge A. Baier, Tansel Uras, Sven Koenig},
  title     = {{TBAA*: Time-Bounded Adaptive A*}},
  booktitle   = AAMAS12,
  year      = {2012},
  note      = {To appear}
}

@article{Pohl70,
  author    = {Ira Pohl},
  title     = {Heuristic Search Viewed as Path Finding in a Graph},
  journal   = AIJ,
  volume    = {1},
  number    = {3},
  year      = {1970},
  pages     = {193-204}
}

@inproceedings{LikhachevGT03,
  author    = {Maxim Likhachev and
               Geoffrey J. Gordon and
               Sebastian Thrun},
  title     = {{ARA*: Anytime A* with Provable Bounds on Sub-Optimality}},
  booktitle = NIPS03,
  year      = {2003},
  ee        = {http://books.nips.cc/papers/files/nips16/NIPS2003_CN03.pdf},
  address   = {Vancouver, Canada}
}

@article{KoenigL05,
  author    = {Sven Koenig and
               Maxim Likhachev},
  title     = {Fast replanning for navigation in unknown terrain},
  journal   = {{IEEE} Transactions on Robotics},
  volume    = {21},
  number    = {3},
  year      = {2005},
  pages     = {354-363},
  ee        = {http://dx.doi.org/10.1109/TRO.2004.838026},
  bibsource = {DBLP, http://dblp.uni-trier.de}
}

@article{sturtevant2012benchmarks,
  title={Benchmarks for Grid-Based Pathfinding},
  author={Nathan Sturtevant},
  journal={Transactions on Computational Intelligence and {AI} in Games},
  volume={4},
  number={2},
  pages={144 -- 148},
  year={2012},
  url = {http://web.cs.du.edu/~sturtevant/papers/benchmarks.pdf},
}

@inproceedings{HernandezBUK12b,
  author    = {Carlos Hern{\'a}ndez and Jorge A. Baier and Tansel Uras and Sven Koenig},
  title     = {Position Paper: Incremental Search Algorithms Considered
               Poorly Understood},
  booktitle = SOCS12,
  year      = {2012},
  ee        = {http://www.aaai.org/ocs/index.php/SOCS/SOCS12/paper/view/5414},
  bibsource = {DBLP, http://dblp.uni-trier.de}
}

@article{StentzH95,
  author    = {Anthony Stentz and
               Martial Hebert},
  title     = {A complete navigation system for goal acquisition in unknown
               environments},
  journal   = {Autonomous Robots},
  volume    = {2},
  number    = {2},
  year      = {1995},
  pages     = {127-145},
  ee        = {http://dx.doi.org/10.1007/BF00735431},
  bibsource = {DBLP, http://dblp.uni-trier.de}
}

@inproceedings{Stentz94,
  author    = {Anthony Stentz},
  title     = {Optimal and Efficient Path Planning for Partially-Known Environments},
  booktitle = ICRA94,
  year      = {1994},
  pages     = {3310-3317},
  ee        = {http://dx.doi.org/10.1109/ROBOT.1994.351061},
  bibsource = {DBLP, http://dblp.uni-trier.de}
}

@incollection{ferguson2007field,
  title={Field D*: An interpolation-based path planner and replanner},
  author={Ferguson, Dave and Stentz, Anthony},
  booktitle={Robotics Research},
  pages={239--253},
  year={2007},
  publisher={Springer}
}

@article{dolgov2010path,
  title={Path planning for autonomous vehicles in unknown semi-structured environments},
  author={Dolgov, Dmitri and Thrun, Sebastian and Montemerlo, Michael and Diebel, James},
  journal={The International Journal of Robotics Research},
  volume={29},
  number={5},
  pages={485--501},
  year={2010},
  publisher={SAGE Publications}
}

@inproceedings{LikhachevFGST05,
  author    = {Maxim Likhachev and
               David I. Ferguson and
               Geoffrey J. Gordon and
               Anthony Stentz and
               Sebastian Thrun},
  title     = {Anytime Dynamic {A*}: An Anytime, Replanning Algorithm},
  booktitle = ICAPS05,
  year      = {2005},
  pages     = {262-271},
  ee        = {http://www.aaai.org/Library/ICAPS/2005/icaps05-027.php},
  bibsource = {DBLP, http://dblp.uni-trier.de}
}

@inproceedings{HoltePZM96,
  author    = {Robert C. Holte and
               M. B. Perez and
               Robert M. Zimmer and
               Alan J. MacDonald},
  title     = {Hierarchical {A*}: Searching Abstraction Hierarchies Efficiently},
  booktitle = AAAI96,
  year      = {1996},
  pages     = {530-535},
  bibsource = {DBLP, http://dblp.uni-trier.de}
}

@inproceedings{SunKY08,
  author    = {Xiaoxun Sun and
               Sven Koenig and
               William Yeoh},
  title     = {{Generalized Adaptive A*}},
  booktitle = AAMAS08,
  year      = {2008},
  pages     = {469--476},
  biburl    = {http://dblp.uni-trier.de/rec/bib/conf/atal/SunKY08},
}

@article{koenig2004incremental,
  title={Incremental heuristic search in AI},
  author={Koenig, Sven and Likhachev, Maxim and Liu, Yaxin and Furcy, David},
  journal={AI Magazine},
  volume={25},
  number={2},
  pages={99},
  year={2004}
}

@inproceedings{hernandez2009path,
  title={Path-Adaptive A* for Incremental Heuristic Search in Unknown Terrain.},
  author={Hern{\'a}ndez, Carlos and Meseguer, Pedro and Sun, Xiaoxun and Koenig, Sven},
  booktitle={ICAPS},
  year={2009}
}

@inproceedings{hernandez2014making,
  title={{Making A* Run Faster than D*-Lite for Path-Planning in Partially Known Terrain}},
  author={Hern{\'a}ndez, C. and Baier, J. A. and As{\'i}n, R.},
  booktitle=ICAPS14,
  year={2014}
}

@article{hernandez2014reusing,
  title={Reusing cost-minimal paths for goal-directed navigation in partially known terrains},
  author={Hern{\'a}ndez, Carlos and Uras, Tansel and Koenig, Sven and Baier, Jorge A and Sun, Xiaoxun and Meseguer, Pedro},
  journal={Autonomous Agents and Multi-Agent Systems},
  volume={29},
  number={5},
  pages={1--46},
  year={2015},
  publisher={Springer}
}

@inproceedings{aine2013truncated,
  title={Truncated Incremental Search: Faster Replanning by Exploiting Suboptimality.},
  author={Aine, Sandip and Likhachev, Maxim},
  booktitle=AAAI13,
  year={2013}
}

@article{ferguson2006using,
  title={Using interpolation to improve path planning: The Field D* algorithm},
  author={Ferguson, Dave and Stentz, Anthony},
  journal={Journal of Field Robotics},
  volume={23},
  number={2},
  pages={79--101},
  year={2006},
  publisher={Wiley Online Library}
}

@incollection{Pohl71,
  author    = {Ira Pohl},
  title     = {Bi-Directional Search},
  booktitle   = {Machine Intelligence 6},
  address     = {Edinburgh, Scotland},
  year      = {1971},
  pages     = {127-140},
}

@inproceedings{HernandezAB15,
  author    = {Carlos Hern{\'{a}}ndez and
               Roberto As{\'{\i}}n and
               Jorge A. Baier},
  editor    = {Blai Bonet and
               Sven Koenig},
  title     = {{Reusing Previously Found A* Paths for Fast Goal-Directed Navigation
               in Dynamic Terrain}},
  booktitle = AAAI15,
  pages     = {1158--1164},
  publisher = {{AAAI} Press},
  year      = {2015},
  url       = {http://www.aaai.org/ocs/index.php/AAAI/AAAI15/paper/view/10053},
  timestamp = {Sun, 12 Apr 2015 15:18:08 +0200},
  biburl    = {http://dblp.uni-trier.de/rec/bib/conf/aaai/HernandezAB15},
  bibsource = {dblp computer science bibliography, http://dblp.org}
}

@inproceedings{RiveraHB17,
  author    = {Nicolas Rivera and
               Carlos Hern{\'{a}}ndez and
               Jorge A. Baier},
  title     = {{Grid Pathfinding on the $2^k$ Neighborhoods}},
  booktitle = AAAI17,
  pages     = {891--897},
  year      = {2017},
  address   = {San Francisco, CA},
  month     = {February},
  timestamp = {Mon, 06 Mar 2017 11:36:24 +0100},
  biburl    = {http://dblp.uni-trier.de/rec/bib/conf/aaai/RiveraHB17},
  bibsource = {dblp computer science bibliography, http://dblp.org}
}




@article{AineL16,
  author    = {Sandip Aine and
               Maxim Likhachev},
  title     = {Truncated incremental search},
  journal   = AIJ,
  volume    = {234},
  pages     = {49--77},
  year      = {2016},
  url       = {http://dx.doi.org/10.1016/j.artint.2016.01.009},
  doi       = {10.1016/j.artint.2016.01.009},
  timestamp = {Wed, 16 Mar 2016 09:50:27 +0100},
  biburl    = {http://dblp.uni-trier.de/rec/bib/journals/ai/AineL16},
  bibsource = {dblp computer science bibliography, http://dblp.org}
}

@article{marchand1997discrete,
  title={Discrete convexity, straightness, and the 16-neighborhood},
  author={Marchand-Maillet, St{\'e}phane and Sharaiha, Yazid M},
  journal={Computer Vision and Image Understanding},
  volume={66},
  number={3},
  pages={316--329},
  year={1997},
  publisher={Elsevier}
}

@article{RiveraIBH14,
  author    = {Nicolas Rivera and
               Leon Illanes and
               Jorge A. Baier and
               Carlos Hern{\'{a}}ndez},
  title     = {Reconnection with the Ideal Tree: {A} New Approach to Real-Time Search},
  journal   = JAIR,
  volume    = {50},
  pages     = {235--264},
  year      = {2014},
  url       = {http://dx.doi.org/10.1613/jair.4292},
  doi       = {10.1613/jair.4292},
  timestamp = {Tue, 10 Jun 2014 08:57:04 +0200},
  biburl    = {http://dblp.uni-trier.de/rec/bib/journals/jair/RiveraIBH14},
  bibsource = {dblp computer science bibliography, http://dblp.org}
}

@inproceedings{UrasKH13,
  author    = {Tansel Uras and
               Sven Koenig and
               Carlos Hern{\'{a}}ndez},
  editor    = {Daniel Borrajo and
               Subbarao Kambhampati and
               Angelo Oddi and
               Simone Fratini},
  title     = {Subgoal Graphs for Optimal Pathfinding in Eight-Neighbor Grids},
  booktitle = {Proceedings of the Twenty-Third International Conference on Automated
               Planning and Scheduling, {ICAPS} 2013, Rome, Italy, June 10-14, 2013},
  publisher = {{AAAI}},
  year      = {2013},
  url       = {http://www.aaai.org/ocs/index.php/ICAPS/ICAPS13/paper/view/6058},
  timestamp = {Wed, 29 Mar 2017 16:45:27 +0200},
  biburl    = {http://dblp.uni-trier.de/rec/bib/conf/aips/UrasKH13},
  bibsource = {dblp computer science bibliography, http://dblp.org}
}

@inproceedings{UrasKH12,
  author    = {Tansel Uras and
               Sven Koenig and
               Carlos Hern{\'{a}}ndez},
  editor    = {Daniel Borrajo and
               Ariel Felner and
               Richard E. Korf and
               Maxim Likhachev and
               Carlos Linares L{\'{o}}pez and
               Wheeler Ruml and
               Nathan R. Sturtevant},
  title     = {Subgoal Graphs for Eight-Neighbor Gridworlds},
  booktitle = SOCS12,
  publisher = {{AAAI} Press},
  year      = {2012},
  url       = {http://www.aaai.org/ocs/index.php/SOCS/SOCS12/paper/view/5391},
  timestamp = {Fri, 17 Aug 2012 08:40:42 +0200},
  biburl    = {http://dblp.uni-trier.de/rec/bib/conf/socs/UrasKH12},
  bibsource = {dblp computer science bibliography, http://dblp.org}
}

@inproceedings{UrasK15,
  author    = {Tansel Uras and
               Sven Koenig},
  editor    = {Ronen I. Brafman and
               Carmel Domshlak and
               Patrik Haslum and
               Shlomo Zilberstein},
  title     = {Speeding-Up Any-Angle Path-Planning on Grids},
  booktitle = ICAPS15,
  pages     = {234--238},
  publisher = {{AAAI} Press},
  year      = {2015},
  address   = {Jerusalem, Israel},
  url       = {http://www.aaai.org/ocs/index.php/ICAPS/ICAPS15/paper/view/10615},
  timestamp = {Tue, 26 May 2015 21:11:05 +0200},
  biburl    = {http://dblp.uni-trier.de/rec/bib/conf/aips/UrasK15},
  bibsource = {dblp computer science bibliography, http://dblp.org}
}

@inproceedings{SturtevantTTUKS15,
  author    = {Nathan R. Sturtevant and
               Jason M. Traish and
               James R. Tulip and
               Tansel Uras and
               Sven Koenig and
               Ben Strasser and
               Adi Botea and
               Daniel Harabor and
               Steve Rabin},
  editor    = {Levi Lelis and
               Roni Stern},
  title     = {The Grid-Based Path Planning Competition: 2014 Entries and Results},
  booktitle = SOCS15,
  pages     = {241},
  publisher = {{AAAI} Press},
  year      = {2015},
  url       = {http://www.aaai.org/ocs/index.php/SOCS/SOCS15/paper/view/11290},
  timestamp = {Fri, 12 Jun 2015 18:29:13 +0200},
  biburl    = {http://dblp.uni-trier.de/rec/bib/conf/socs/SturtevantTTUKS15},
  bibsource = {dblp computer science bibliography, http://dblp.org}
}

@article{DanielNKF10,
  author    = {Kenny Daniel and
               Alex Nash and
               Sven Koenig and
               Ariel Felner},
  title     = {Theta*: Any-Angle Path Planning on Grids},
  journal   = JAIR,
  volume    = {39},
  pages     = {533--579},
  year      = {2010},
  url       = {http://dx.doi.org/10.1613/jair.2994},
  doi       = {10.1613/jair.2994},
  timestamp = {Wed, 24 Nov 2010 21:38:55 +0100},
  biburl    = {http://dblp.uni-trier.de/rec/bib/journals/jair/DanielNKF10},
  bibsource = {dblp computer science bibliography, http://dblp.org}
}

@article{HaraborGOA16,
  author    = {Harabor, Daniel Damir and
                Grastien, Alban and
                {\"{O}}z, Dindar and
                Aksakalli, Vural},
  title     = {{Optimal Any-Angle Pathfinding In Practice}},
  journal   = JAIR,
  volume    = {56},
  pages     = {89--118},
  year      = {2016},
  url       = {http://dx.doi.org/10.1613/jair.5007},
  doi       = {10.1613/jair.5007},
  timestamp = {Fri, 10 Jun 2016 19:31:58 +0200},
  biburl    = {http://dblp.uni-trier.de/rec/bib/journals/jair/HaraborGOA16},
  bibsource = {dblp computer science bibliography, http://dblp.org}
}



@inproceedings{BoteaMS04,
  author    = {Adi Botea and
               Martin M{\"{u}}ller and
               Jonathan Schaeffer},
  editor    = {Shlomo Zilberstein and
               Jana Koehler and
               Sven Koenig},
  title     = {Using Component Abstraction for Automatic Generation of Macro-Actions},
  booktitle = ICAPS04,
  pages     = {181--190},
  publisher = {{AAAI}},
  year      = {2004},
  url       = {http://www.aaai.org/Library/ICAPS/2004/icaps04-023.php},
  timestamp = {Thu, 13 Dec 2012 14:15:16 +0100},
  biburl    = {http://dblp.uni-trier.de/rec/bib/conf/aips/BoteaMS04},
  bibsource = {dblp computer science bibliography, http://dblp.org}
}

@inproceedings{UrasK15-socs,
  author    = {Tansel Uras and
               Sven Koenig},
  editor    = {Levi Lelis and
               Roni Stern},
  title     = {An Empirical Comparison of Any-Angle Path-Planning Algorithms},
  booktitle = SOCS15,
  pages     = {206--211},
  publisher = {{AAAI} Press},
  year      = {2015},
  note      = {Code available at: \url{http://idm-lab.org/anyangle}},
  url       = {http://www.aaai.org/ocs/index.php/SOCS/SOCS15/paper/view/11295},
  timestamp = {Fri, 12 Jun 2015 18:29:13 +0200},
  biburl    = {http://dblp.uni-trier.de/rec/bib/conf/socs/UrasK15},
  bibsource = {dblp computer science bibliography, http://dblp.org}
}

@inproceedings{BjornssonEHS05,
  author    = {Yngvi Bj{\"{o}}rnsson and
               Markus Enzenberger and
               Robert C. Holte and
               Jonathan Schaeffer},
  title     = {{Fringe Search: Beating {A*} at Pathfinding on Game Maps}},
  booktitle = CIG05,
  address   = {Essex, UK},
  publisher = {{IEEE}},
  year      = {2005},
  url       = {http://csapps.essex.ac.uk/cig/2005/papers/p1039.pdf},
  timestamp = {Mon, 07 May 2007 12:13:52 +0200},
  biburl    = {http://dblp.uni-trier.de/rec/bib/conf/cig/BjornssonEHS05},
  bibsource = {dblp computer science bibliography, http://dblp.org}
}

@inproceedings{lee2009coarse,
  title={A coarse-to-fine approach for fast path finding for mobile robots},
  author={Lee, Jae-Yeong and Yu, Wonpil},
  booktitle={IEEE/RSJ International Conference on Intelligent Robots and Systems, 2009. IROS 2009.},
  pages={5414--5419},
  year={2009},
  organization={IEEE}
}

@inproceedings{LeeY09,
  author    = {Jae{-}Yeong Lee and
               Wonpil Yu},
  title     = {A coarse-to-fine approach for fast path finding for mobile robots},
  booktitle = IROS09,
  address   = {St. Louis, MO, {USA}},
  pages     = {5414--5419},
  publisher = {{IEEE Press}},
  year      = {2009},
  url       = {http://dx.doi.org/10.1109/IROS.2009.5354686},
  doi       = {10.1109/IROS.2009.5354686},
  timestamp = {Mon, 11 May 2015 16:37:25 +0200},
  biburl    = {http://dblp.uni-trier.de/rec/bib/conf/iros/LeeY09},
  bibsource = {dblp computer science bibliography, http://dblp.org}
}

@inproceedings{BoteaH13,
  author    = {Adi Botea and
               Daniel Harabor},
  editor    = {Daniel Borrajo and
               Subbarao Kambhampati and
               Angelo Oddi and
               Simone Fratin},
  title     = {Path Planning with Compressed All-Pairs Shortest Paths Data},
  booktitle = ICAPS13,
  publisher = {{AAAI Press}},
  year      = {2013},
  url       = {http://www.aaai.org/ocs/index.php/ICAPS/ICAPS13/paper/view/6002},
  timestamp = {Wed, 21 Aug 2013 14:47:23 +0200},
  biburl    = {http://dblp.uni-trier.de/rec/bib/conf/aips/BoteaH13},
  bibsource = {dblp computer science bibliography, http://dblp.org}
}

@inproceedings{HaraborG11,
  author    = {Daniel Damir Harabor and
               Alban Grastien},
  editor    = {Wolfram Burgard and
               Dan Roth},
  title     = {Online Graph Pruning for Pathfinding On Grid Maps},
  booktitle = AAAI11,
  publisher = {{AAAI} Press},
  year      = {2011},
  url       = {http://www.aaai.org/ocs/index.php/AAAI/AAAI11/paper/view/3761},
  timestamp = {Tue, 09 Aug 2011 08:42:17 +0200},
  biburl    = {http://dblp.uni-trier.de/rec/bib/conf/aaai/HaraborG11},
  bibsource = {dblp computer science bibliography, http://dblp.org}
}

@inproceedings{SturtevantR16,
  author    = {Nathan R. Sturtevant and
               Steve Rabin},
  editor    = {Subbarao Kambhampati},
  title     = {Canonical Orderings on Grids},
  booktitle = IJCAI16,
  pages     = {683--689},
  publisher = {{IJCAI/AAAI} Press},
  year      = {2016},
  url       = {http://www.ijcai.org/Abstract/16/103},
  timestamp = {Fri, 15 Jul 2016 15:58:28 +0200},
  biburl    = {http://dblp.uni-trier.de/rec/bib/conf/ijcai/SturtevantR16},
  bibsource = {dblp computer science bibliography, http://dblp.org}
}

@phdthesis{nash-phdthesis,
  author = {Alex Nash},
  title = {Any-Angle Path Planning},
  school = {University of Southern California},
  year   = 2012,
  type   = {{Doctor of Philosophy}}
}

@inproceedings{BaileyTUKN15,
  title = {Path Planning on Grids: The Effect of Vertex Placement on Path Length},
  booktitle = AIIDE15,
  author = {James Bailey and  Craig Tovey and Tansel Uras and Sven Koenig and Alex Nash},
  month = {October},
  year = {2011},
  address = {Palo Alto, California}
}


@article{AlterovitzKL16,
  author    = {Ron Alterovitz and
               Sven Koenig and
               Maxim Likhachev},
  title     = {Robot Planning in the Real World: Research Challenges and Opportunities},
  journal   = {{AI} Magazine},
  volume    = {37},
  number    = {2},
  pages     = {76--84},
  year      = {2016},
  url       = {http://www.aaai.org/ojs/index.php/aimagazine/article/view/2651},
  timestamp = {Tue, 26 Jul 2016 16:23:25 +0200},
  biburl    = {http://dblp.uni-trier.de/rec/bib/journals/aim/AlterovitzKL16},
  bibsource = {dblp computer science bibliography, http://dblp.org}
}




@inproceedings{GammellSB14,
  author    = {Jonathan D. Gammell and
               Siddhartha S. Srinivasa and
               Timothy D. Barfoot},
  title     = {Informed {RRT}*: Optimal sampling-based path planning focused via direct
               sampling of an admissible ellipsoidal heuristic},
  booktitle = IROS14,
  pages     = {2997--3004},
  publisher = {{IEEE}},
  year      = {2014}
}

@article{KaramanF11,
  author    = {Sertac Karaman and
               Emilio Frazzoli},
  title     = {Sampling-based algorithms for optimal motion planning},
  journal   = IJRR,
  volume    = {30},
  number    = {7},
  pages     = {846--894},
  year      = {2011}
}


@inproceedings{HormazabalDHB17,
  author    = {Nicol{\'{a}}s Hormaz{\'{a}}bal and
               Antonio D{\'{\i}}az and
               Carlos Hern{\'{a}}ndez and
               Jorge A. Baier},
  title     = {Fast and Almost Optimal Any-Angle Pathfinding Using the \({2}^{\mbox{k}}\)
               Neighborhoods},
  booktitle = SOCS17,
  pages     = {139--143},
  publisher = {{AAAI} Press},
  year      = {2017}
}

@article{HansenZ07,
  author    = {Eric A. Hansen and
               Rong Zhou},
  title     = {Anytime Heuristic Search},
  journal   = JAIR,
  volume    = {28},
  pages     = {267--297},
  year      = {2007},
  url       = {https://doi.org/10.1613/jair.2096},
  doi       = {10.1613/jair.2096},
  timestamp = {Wed, 21 Jun 2017 14:58:48 +0200},
  biburl    = {http://dblp2.uni-trier.de/rec/bib/journals/jair/HansenZ07},
  bibsource = {dblp computer science bibliography, http://dblp.org}
}

@inproceedings{GammellSB15,
  author    = {Jonathan D. Gammell and
               Siddhartha S. Srinivasa and
               Timothy D. Barfoot},
  title     = {Batch Informed Trees (BIT*): Sampling-based optimal planning via the heuristically guided search of implicit random geometric graphs},
  booktitle = ICRA15,
  pages     = {3067--3074},
  publisher = {{IEEE}},
  year      = {2015}
}

@inproceedings{NashKL09,
  author    = {Alex Nash and
               Sven Koenig and
               Maxim Likhachev},
  editor    = {Craig Boutilier},
  title     = {Incremental Phi*: Incremental Any-Angle Path Planning on Grids},
  booktitle = IJCAI09,
  pages     = {1824--1830},
  year      = {2009},
  url       = {http://ijcai.org/Proceedings/09/Papers/303.pdf},
  timestamp = {Wed, 20 Jul 2016 14:20:40 +0200},
  biburl    = {http://dblp.uni-trier.de/rec/bib/conf/ijcai/NashKL09},
  bibsource = {dblp computer science bibliography, http://dblp.org}
}

@inproceedings{RabinS16,
  author    = {Steve Rabin and
               Nathan R. Sturtevant},
  editor    = {Dale Schuurmans and
               Michael P. Wellman},
  title     = {Combining Bounding Boxes and {JPS} to Prune Grid Pathfinding},
  booktitle = AAAI16,
  pages     = {746--752},
  publisher = {{AAAI} Press},
  year      = {2016},
  url       = {http://www.aaai.org/ocs/index.php/AAAI/AAAI16/paper/view/12336}
  }

@inproceedings{OhL17,
  author    = {Shunhao Oh and
               Hon Wai Leong},
  editor    = {Alex Fukunaga and
               Akihiro Kishimoto},
  title     = {Edge N-Level Sparse Visibility Graphs: Fast Optimal Any-Angle Pathfinding
               Using Hierarchical Taut Paths},
  booktitle = SOCS17,
  pages     = {64--72},
  publisher = {{AAAI} Press},
  year      = {2017},
  url       = {https://aaai.org/ocs/index.php/SOCS/SOCS17/paper/view/15790},
  timestamp = {Mon, 19 Jun 2017 15:46:48 +0200},
  biburl    = {http://dblp2.uni-trier.de/rec/bib/conf/socs/OhL17},
  bibsource = {dblp computer science bibliography, http://dblp.org}
}

@inproceedings{HaraborG14,
  author    = {Daniel Damir Harabor and
               Alban Grastien},
  editor    = {Steve A. Chien and
               Minh Binh Do and
               Alan Fern and
               Wheeler Ruml},
  title     = {Improving Jump Point Search},
  booktitle = ICAPS14,
  publisher = {{AAAI}},
  year      = {2014},
  url       = {http://www.aaai.org/ocs/index.php/ICAPS/ICAPS14/paper/view/7914},
  timestamp = {Thu, 19 Nov 2015 08:52:28 +0100},
  biburl    = {http://dblp.uni-trier.de/rec/bib/conf/aips/HaraborG14},
  bibsource = {dblp computer science bibliography, http://dblp.org}
}

@misc{Uras-personal17,
  author = {Tansel Uras},
  howpublished  = "Personal Communication",
  year   = 2017,
  month  = {June}
}

@misc{Oh-personal17,
  author    = {Shunhao Oh},
  howpublished  = "Personal Communication",
  year   = 2017,
  month  = {June}
}

@misc{likhachev-personal17,
  author    = {Maxim Likhachev},
  howpublished  = "Personal Communication",
  year   = 2017,
  month  = {June}
}

@inproceedings{MacAllisterBKPL13,
  author    = {Brian MacAllister and
               Jonathan Butzke and
               Aleksandr Kushleyev and
               Harsh Pandey and
               Maxim Likhachev},
  title     = {Path planning for non-circular micro aerial vehicles in constrained environments},
  booktitle = ICRA13,
  pages     = {3933--3940},
  publisher = {{IEEE}},
  year      = {2013},
  url       = {https://doi.org/10.1109/ICRA.2013.6631131},
  doi       = {10.1109/ICRA.2013.6631131},
  timestamp = {Mon, 22 May 2017 17:12:20 +0200},
  biburl    = {http://dblp.uni-trier.de/rec/bib/conf/icra/MacAllisterBKPL13},
  bibsource = {dblp computer science bibliography, http://dblp.org}
}

@article{LikhachevF09,
  author    = {Maxim Likhachev and
               Dave Ferguson},
  title     = {Planning Long Dynamically Feasible Maneuvers for Autonomous Vehicles},
  journal   = IJRR,
  volume    = {28},
  number    = {8},
  pages     = {933--945},
  year      = {2009},
  url       = {https://doi.org/10.1177/0278364909340445},
  doi       = {10.1177/0278364909340445},
  timestamp = {Thu, 18 May 2017 09:55:01 +0200},
  biburl    = {http://dblp.uni-trier.de/rec/bib/journals/ijrr/LikhachevF09},
  bibsource = {dblp computer science bibliography, http://dblp.org}
}

@inproceedings{NashKT10,
  author    = {Alex Nash and
               Sven Koenig and
               Craig A. Tovey},
  editor    = {Maria Fox and
               David Poole},
  title     = {Lazy Theta*: Any-Angle Path Planning and Path Length Analysis in 3D},
  booktitle = {AAAI10},
  publisher = {{AAAI} Press},
  year      = {2010},
  url       = {http://www.aaai.org/ocs/index.php/AAAI/AAAI10/paper/view/1930},
  timestamp = {Wed, 01 Sep 2010 12:54:51 +0200},
  biburl    = {http://dblp.uni-trier.de/rec/bib/conf/aaai/NashKT10},
  bibsource = {dblp computer science bibliography, http://dblp.org}
}

@article{BaierBHH15,
  author    = {Jorge A. Baier and
               Adi Botea and
               Daniel Harabor and
               Carlos Hern{\'{a}}ndez},
  title     = {Fast Algorithm for Catching a Prey Quickly in Known and Partially
               Known Game Maps},
  journal   = {{IEEE} Trans. Comput. Intellig. and {AI} in Games},
  volume    = {7},
  number    = {2},
  pages     = {193--199},
  year      = {2015},
  url       = {https://doi.org/10.1109/TCIAIG.2014.2337889},
  doi       = {10.1109/TCIAIG.2014.2337889},
  timestamp = {Fri, 26 May 2017 22:54:59 +0200},
  biburl    = {http://dblp.uni-trier.de/rec/bib/journals/tciaig/BaierBHH15},
  bibsource = {dblp computer science bibliography, http://dblp.org}
}

@inproceedings{StandleyK11,
  author    = {Trevor Scott Standley and
               Richard E. Korf},
  title     = {Complete Algorithms for Cooperative Pathfinding Problems},
  booktitle = IJCAI11,
  pages     = {668--673},
  year      = {2011},
  url       = {https://doi.org/10.5591/978-1-57735-516-8/IJCAI11-118},
  doi       = {10.5591/978-1-57735-516-8/IJCAI11-118},
  biburl    = {https://dblp.org/rec/bib/conf/ijcai/StandleyK11},
  bibsource = {dblp computer science bibliography, https://dblp.org}
}

@inproceedings{WangB08,
  author    = {Ko{-}Hsin Cindy Wang and
               Adi Botea},
  title     = {Fast and Memory-Efficient Multi-Agent Pathfinding},
  booktitle = ICAPS08,
  pages     = {380--387},
  year      = {2008},
  url       = {http://www.aaai.org/Library/ICAPS/2008/icaps08-047.php},
  biburl    = {https://dblp.org/rec/bib/conf/aips/WangB08},
  bibsource = {dblp computer science bibliography, https://dblp.org}
}

@inproceedings{Standley10,
  author    = {Trevor Scott Standley},
  title     = {Finding Optimal Solutions to Cooperative Pathfinding Problems},
  booktitle = AAAI10,
  year      = {2010},
  address   = {Atlanta, Georgia},
  pages     = {173-178},
  url       = {http://www.aaai.org/ocs/index.php/AAAI/AAAI10/paper/view/1926},
  timestamp = {Mon, 06 Nov 2017 17:26:30 +0100},
  biburl    = {https://dblp.org/rec/bib/conf/aaai/Standley10},
  bibsource = {dblp computer science bibliography, https://dblp.org}
}

@article{HopcroftSS84,
  author     = {Hopcroft, J. and Schwartz, J. and Sharir, M.},
  year       = {1984},
  title      = {On the Complexity of Motion Planning for Multiple Independent Objects; PSPACE-Hardness of the Warehouseman’s Problem},
  journal    = {The International Journal of Robotics Research},
  volume     = {3},
  number     = {4},
  pages      = {76-88}
}

@article{HearnD05,
  author    = {Robert A. Hearn and
               Erik D. Demaine},
  title     = {{PSPACE}-Completeness of Sliding-Block Puzzles and Other Problems through
               the Nondeterministic Constraint Logic Model of Computation},
  journal   = {Theoretical Computer Science},
  volume    = {343},
  number    = {1-2},
  year      = {2005}
}


@inproceedings{KrammRHB18,
  author    = {Benjam{\'{\i}}n Kramm and
               Nicolas Rivera and
               Carlos Hern{\'{a}}ndez and
               Jorge A. Baier},
  title     = {A Suboptimality Bound for $2^k$ Grid Path Planning},
  booktitle = SOCS18,
  pages     = {63--71},
  year      = {2018},
  url       = {https://aaai.org/ocs/index.php/SOCS/SOCS18/paper/view/17975},
  timestamp = {Tue, 24 Jul 2018 20:17:24 +0200},
  biburl    = {https://dblp.org/rec/bib/conf/socs/KrammRHB18},
  bibsource = {dblp computer science bibliography, https://dblp.org}
}

@inproceedings{MunozFHB18,
  author    = {Franco Mu{\~{n}}oz and
               Miguel Fadic and
               Carlos Hern{\'{a}}ndez and
               Jorge A. Baier},
  title     = {A Neural Network for Decision Making in Real-Time Heuristic Search},
  booktitle = SOCS18,
  pages     = {173--177},
  year      = {2018},
  url       = {https://aaai.org/ocs/index.php/SOCS/SOCS18/paper/view/17976},
  timestamp = {Tue, 24 Jul 2018 20:17:24 +0200},
  biburl    = {https://dblp.org/rec/bib/conf/socs/MunozFHB18},
  bibsource = {dblp computer science bibliography, https://dblp.org}
}

@inproceedings{SigurdsonBYHK18,
  author    = {Devon Sigurdson and Vadim Bulitko and William Yeoh and
               Carlos Hern{\'{a}}ndez and Sven Koenig},
  title     = {Multi-Agent Pathfinding with Real-Time Heuristic Search},
  booktitle = AIIDE18,
  year      = {2018},
  biburl    = {https://dblp.org/rec/bib/conf/socs/MunozFHB18},
  bibsource = {dblp computer science bibliography, https://dblp.org}
}

@inproceedings{Silver05,
  author    = {David Silver},
  title     = {Cooperative Pathfinding},
  booktitle = AIIDE05,
  pages     = {117--122},
  year      = {2005},
  biburl    = {https://dblp.org/rec/bib/conf/aiide/Silver05},
  bibsource = {dblp computer science bibliography, https://dblp.org}
}

@article{DresnerS08,
  author    = {Kurt M. Dresner and
               Peter Stone},
  title     = {A Multiagent Approach to Autonomous Intersection Management},
  journal   = JAIR,
  volume    = {31},
  pages     = {591--656},
  year      = {2008},
  url       = {https://doi.org/10.1613/jair.2502},
  doi       = {10.1613/jair.2502},
  timestamp = {Wed, 21 Jun 2017 14:58:54 +0200},
  biburl    = {https://dblp.org/rec/bib/journals/jair/DresnerS08},
  bibsource = {dblp computer science bibliography, https://dblp.org}
}

@inproceedings{SharonSFS12,
  author    = {Guni Sharon and
               Roni Stern and
               Ariel Felner and
               Nathan R. Sturtevant},
  title     = {Conflict-Based Search For Optimal Multi-Agent Path Finding},
  booktitle = AAAI12,
  year      = {2012},
  address   = {Toronto, Canada},
  biburl    = {https://dblp.org/rec/bib/conf/aaai/SharonSFS12},
  bibsource = {dblp computer science bibliography, https://dblp.org}
}

@article{SharonSFS15,
  author    = {Guni Sharon and
               Roni Stern and
               Ariel Felner and
               Nathan R. Sturtevant},
  title     = {Conflict-based search for optimal multi-agent pathfinding},
  journal   = AIJ,
  volume    = {219},
  pages     = {40--66},
  year      = {2015}
}

@inproceedings{RatnerW86,
  author    = {Daniel Ratner and Manfred K. Warmuth},
  title     = {Finding a Shortest Solution for the $N\times N$ Extension
               of the 15-puzzle Is Intractable},
  booktitle = AAAI86,
  pages     = {168--172},
  address   = {Philadelphia, PA, USA},
  year      = {1986},
  crossref  = {DBLP:conf/aaai/1986-1},
  url       = {http://www.aaai.org/Library/AAAI/1986/aaai86-027.php},
  timestamp = {Wed, 20 Jun 2018 08:06:58 +0200},
  biburl    = {https://dblp.org/rec/bib/conf/aaai/RatnerW86},
  bibsource = {dblp computer science bibliography, https://dblp.org}
}

@inproceedings{GroshevGTSA18,
  author    = {Edward Groshev and
               Maxwell Goldstein and
               Aviv Tamar and
               Siddharth Srivastava and
               Pieter Abbeel},
  title     = {Learning Generalized Reactive Policies Using Deep Neural Networks},
  booktitle = ICAPS18,
  pages     = {408--416},
  year      = {2018},
  address   = {Delft, Netherlands},
  biburl    = {https://dblp.org/rec/bib/conf/aips/GroshevGTSA18},
  bibsource = {dblp computer science bibliography, https://dblp.org}
}
@inproceedings{SamadiSFH08,
  author    = {Mehdi Samadi and
               Maryam Siabani and
               Ariel Felner and
               Robert Holte},
  title     = {Compressing Pattern Databases with Learning},
  booktitle = {ECAI08},
  address   = {Patras, Greece},
  pages     = {495--499},
  year      = {2008},
 biburl    = {https://dblp.org/rec/bib/conf/ecai/SamadiSFH08},
  bibsource = {dblp computer science bibliography, https://dblp.org}
}

@article{ArfaeeZH11,
  author    = {Shahab Jabbari Arfaee and
               Sandra Zilles and
               Robert C. Holte},
  title     = {Learning heuristic functions for large state spaces},
  journal   = AIJ,
  volume    = {175},
  number    = {16-17},
  pages     = {2075--2098},
  year      = {2011},
  url       = {https://doi.org/10.1016/j.artint.2011.08.001},
  doi       = {10.1016/j.artint.2011.08.001},
  timestamp = {Sat, 27 May 2017 14:24:41 +0200},
  biburl    = {https://dblp.org/rec/bib/journals/ai/ArfaeeZH11},
  bibsource = {dblp computer science bibliography, https://dblp.org}
}

@inproceedings{ErnandesG04,
  author    = {Marco Ernandes and
               Marco Gori},
  title     = {Likely-Admissible and Sub-Symbolic Heuristics},
  booktitle = ECAI04,
  pages     = {613--617},
  year      = {2004},
  address   = {Valencia, Spain},
  timestamp = {Fri, 11 May 2018 12:42:30 +0200},
  biburl    = {https://dblp.org/rec/bib/conf/ecai/ErnandesG04},
  bibsource = {dblp computer science bibliography, https://dblp.org}
}

@inproceedings{YoonFG06,
  author    = {Sung Wook Yoon and
               Alan Fern and
               Robert Givan},
  title     = {Learning Heuristic Functions from Relaxed Plans},
  booktitle = ICAPS06,
  pages     = {162--171},
  address   = {Lake District, UK},
  year      = {2006},
  biburl    = {https://dblp.org/rec/bib/conf/aips/YoonFG06},
  bibsource = {dblp computer science bibliography, https://dblp.org}
}

@inproceedings{ross2011reduction,
  author    = {St{\'{e}}phane Ross and
               Geoffrey J. Gordon and
               Drew Bagnell},
  title     = {A Reduction of Imitation Learning and Structured Prediction to No-Regret
               Online Learning},
  booktitle = {\longshort{\Proceedings \ofthe 14th \International \Conference on \AI and Statistics}{AISTATS}},
  address   = {Fort Lauderdale, USA},
  month      = {April},
  pages     = {627--635},
  year      = {2011}
}

@inproceedings{sokoban,
    author = {Joseph C. Culberson},
    title = {Sokoban is {PSPACE}-complete},
    booktitle = {Informatics 4 Fun With Algorithms, Carleton Scientific},
    pages = {65-76},
    year = {1999}
}

@inproceedings{SigurdsonB17,
  author    = {Devon Sigurdson and
               Vadim Bulitko},
  title     = {Deep Learning for Real-Time Heuristic Search Algorithm Selection},
  booktitle = AIIDE17,
  pages     = {108--114},
  year      = {2017},
}

@inproceedings{YuL13,
  author    = {Jingjin Yu and
               Steven M. LaValle},
  title     = {Structure and Intractability of Optimal Multi-Robot Path Planning
               on Graphs},
  booktitle = AAAI13,
  year      = {2013},
  address   = {Bellevue, Washington}
}

@article{MaK17,
  author    = {Hang Ma and
               Sven Koenig},
  title     = {{AI} buzzwords explained: multi-agent path finding {(MAPF)}},
  journal   = {{AI} Matters},
  volume    = {3},
  number    = {3},
  pages     = {15--19},
  year      = {2017},
  url       = {http://doi.acm.org/10.1145/3137574.3137579},
  doi       = {10.1145/3137574.3137579},
  timestamp = {Thu, 19 Oct 2017 15:03:33 +0200},
  biburl    = {https://dblp.org/rec/bib/journals/aimatters/MaK17},
  bibsource = {dblp computer science bibliography, https://dblp.org}
}

@inproceedings{FelnerLB00KK18,
  author    = {Ariel Felner and
               Jiaoyang Li and
               Eli Boyarski and
               Hang Ma and
               Liron Cohen and
               T. K. Satish Kumar and
               Sven Koenig},
  title     = {Adding Heuristics to Conflict-Based Search for Multi-Agent Path Finding},
  booktitle = ICAPS08,
  address   = {Delft, The Netherlands},
  month     = {June},
  pages     = {83--87},
  year      = {2018},
  url       = {https://aaai.org/ocs/index.php/ICAPS/ICAPS18/paper/view/17735},
  timestamp = {Mon, 25 Jun 2018 13:46:20 +0200},
  biburl    = {https://dblp.org/rec/bib/conf/aips/FelnerLB00KK18},
  bibsource = {dblp computer science bibliography, https://dblp.org}
}


@inproceedings{BoyarskiFSSTBS15,
  author    = {Eli Boyarski and
               Ariel Felner and
               Roni Stern and
               Guni Sharon and
               David Tolpin and
               Oded Betzalel and
               Solomon Eyal Shimony},
  title     = {{ICBS:} Improved Conflict-Based Search Algorithm for Multi-Agent Pathfinding},
  booktitle = IJCAI15,
  address   = {Buenos Aires, Argentina},
  month     = {July},
  pages     = {740--746},
  year      = {2015},
  url       = {http://ijcai.org/Abstract/15/110},
  timestamp = {Wed, 20 Jul 2016 15:18:06 +0200},
  biburl    = {https://dblp.org/rec/bib/conf/ijcai/BoyarskiFSSTBS15},
  bibsource = {dblp computer science bibliography, https://dblp.org}
}

@inproceedings{HernandezB17,
  author    = {Carlos Hern{\'{a}}ndez and
               Jorge A. Baier},
  title     = {Improving MPGAA* for Extended Visibility Ranges},
  booktitle = ICAPS17,
  address = {Pittsburgh, Pennsylvania, USA},
  month    = {June},
  pages     = {149--153},
  year      = {2017},
  url       = {https://aaai.org/ocs/index.php/ICAPS/ICAPS17/paper/view/15764},
  timestamp = {Tue, 26 Sep 2017 07:41:36 +0200},
  biburl    = {https://dblp.org/rec/bib/conf/aips/HernandezB17},
  bibsource = {dblp computer science bibliography, https://dblp.org}
}

@inproceedings{PozancoFB16,
  author    = {Alberto Pozanco and
               Susana Fern{\'{a}}ndez and
               Daniel Borrajo},
  title     = {Urban Traffic Control Assisted by {AI} Planning and Relational Learning},
  booktitle = {Proceedings of the Ninth International Workshop on Agents in Traffic
               and Transportation},
  year      = {2016},
  url       = {http://ceur-ws.org/Vol-1678/paper6.pdf},
  timestamp = {Fri, 09 Sep 2016 09:48:50 +0200},
  biburl    = {https://dblp.org/rec/bib/conf/ijcai/PozancoFB16},
  bibsource = {dblp computer science bibliography, https://dblp.org}
}

@article{GulicOB16,
   title={Using Automated Planning for Traffic Signals Control},
   volume={28},
   url={http://www.fpz.unizg.hr/traffic/index.php/PROMTT/article/view/1952},
   DOI={https://doi.org/10.7307/ptt.v28i4.1952},
   number={4}, journal={Promet - Traffic \& Transportation},
   author={Gulić, Matija and Olivares, Ricardo and Borrajo, Daniel},
   year={2016},
   month=aug,
   pages={383-391}
}

@inbook{IrnichTV11,
   author       = {S. Irnich and P. Toth and D. Vigo},
   title        = {The family of vehicle routing problems},
   series       = {Vehicle Routing: Problems, Methods, and Applications},
   publisher    = {MOS-SIAM Series on Optimization},
   pages        = {1-33},
   year         = 2011
}

@article{0001KA0HKUXTS17,
  author    = {Hang Ma and
               Sven Koenig and
               Nora Ayanian and
               Liron Cohen and
               Wolfgang H{\"{o}}nig and
               T. K. Satish Kumar and
               Tansel Uras and
               Hong Xu and
               Craig A. Tovey and
               Guni Sharon},
  title     = {Overview: Generalizations of Multi-Agent Path Finding to Real-World
               Scenarios},
  journal   = {CoRR},
  volume    = {abs/1702.05515},
  year      = {2017},
  url       = {http://arxiv.org/abs/1702.05515},
  archivePrefix = {arXiv},
  eprint    = {1702.05515},
  timestamp = {Mon, 13 Aug 2018 16:48:21 +0200},
  biburl    = {https://dblp.org/rec/bib/journals/corr/0001KA0HKUXTS17},
  bibsource = {dblp computer science bibliography, https://dblp.org}
}

@article{DolgovTMD10,
  author    = {Dmitri Dolgov and
               Sebastian Thrun and
               Michael Montemerlo and
               James Diebel},
  title     = {Path Planning for Autonomous Vehicles in Unknown Semi-structured Environments},
  journal   = {International Journal of Robotics Research},
  volume    = {29},
  number    = {5},
  pages     = {485--501},
  year      = {2010},
  url       = {https://doi.org/10.1177/0278364909359210},
  doi       = {10.1177/0278364909359210},
  timestamp = {Thu, 18 May 2017 09:54:59 +0200},
  biburl    = {https://dblp.org/rec/bib/journals/ijrr/DolgovTMD10},
  bibsource = {dblp computer science bibliography, https://dblp.org}
}

@book{GNT2016,
  author    = {Malik Ghallab and
               Dana S. Nau and
               Paolo Traverso},
  title     = {Automated Planning and Acting},
  publisher = {Cambridge University Press},
  year      = {2016},
  url       = {http://www.cambridge.org/de/academic/subjects/computer-science/artificial-intelligence-and-natural-language-processing/automated-planning-and-acting?format=HB},
  isbn      = {978-1-107-03727-4},
  timestamp = {Mon, 13 Mar 2017 18:35:19 +0100},
  biburl    = {https://dblp.org/rec/bib/books/cu/GNT2016},
  bibsource = {dblp computer science bibliography, https://dblp.org}
}

@article{BronfmanMPL16,
  author    = {Andr\'{e}s Bronfman and Vladimir Marianov and Germ\'{a}n Paredes-Belmar and Armin L\"{u}er-Villagra},
  title     = {The maxisum and maximin-maxisum HAZMAT routing problems},
 journal   = {Transportation Research Part E: Logistics and Transportation Review},
  volume    = {93},
  year      = {2016},
  pages     = {316-333}
}

@article{KatrakazasQCD15,
author={Christos Katrakazas and Mohammed Quddus and Wen-Hua Chen and Lipika Deka},
title={Real-time motion planning methods for autonomous on-road driving: State-of-the-art and future research directions},
journal={Transportation Research Part C: Emerging Technologies},
issn={0968-090X},
volume=60,
pages={416-442},
year={2015}
}

@InProceedings{GeisbergerSSD08,
author="Geisberger, Robert and Sanders, Peter and Schultes, Dominik and Delling, Daniel",
editor="McGeoch, Catherine C.",
title="Contraction Hierarchies: Faster and Simpler Hierarchical Routing in Road Networks",
booktitle="Experimental Algorithms",
year="2008",
publisher="Springer Berlin Heidelberg",
address="Berlin, Heidelberg",
pages="319--333",
isbn="978-3-540-68552-4"
}

@article{GeisbergerSSV12,
 author = {Geisberger, Robert and Sanders, Peter and Schultes, Dominik and Vetter, Christian},
 title = {Exact Routing in Large Road Networks Using Contraction Hierarchies},
 journal = {Transportation Science},
 issue_date = {08 2012},
 volume = {46},
 number = {3},
 month = aug,
 year = {2012},
 issn = {1526-5447},
 pages = {388--404},
 numpages = {17},
 url = {http://dx.doi.org/10.1287/trsc.1110.0401},
 doi = {10.1287/trsc.1110.0401},
 acmid = {2351896},
 publisher = {INFORMS},
 address = {Institute for Operations Research and the Management Sciences (INFORMS), Linthicum, Maryland, USA},
 keywords = {algorithm engineering, route planning, shortest paths},
}

@incollection{BastDGMPSWW16,
  author    = {Hannah Bast and
               Daniel Delling and
               Andrew V. Goldberg and
               Matthias M{\"{u}}ller{-}Hannemann and
               Thomas Pajor and
               Peter Sanders and
               Dorothea Wagner and
               Renato F. Werneck},
  title     = {Route Planning in Transportation Networks},
  booktitle = {Algorithm Engineering - Selected Results and Surveys},
  pages     = {19--80},
  year      = {2016},
  url       = {https://doi.org/10.1007/978-3-319-49487-6\_2},
  doi       = {10.1007/978-3-319-49487-6\_2},
  timestamp = {Tue, 16 May 2017 14:24:28 +0200},
  biburl    = {https://dblp.org/rec/bib/series/lncs/BastDGMPSWW16},
  bibsource = {dblp computer science bibliography, https://dblp.org}
}

@article{wurman2008coordinating,
  title={Coordinating hundreds of cooperative, autonomous vehicles in warehouses},
  author={Wurman, Peter R and D'Andrea, Raffaello and Mountz, Mick},
  journal={AI magazine},
  volume={29},
  number={1},
  pages={9},
  year={2008}
}

@article{Goldenberg14,
  author    = {Meir Goldenberg and
               Ariel Felner and
               Roni Stern and
               Guni Sharon and
               Nathan R. Sturtevant and
               Robert C. Holte and
               Jonathan Schaeffer},
  title     = {Enhanced Partial Expansion {A}*},
  journal   = JAIR,
  volume    = {50},
  pages     = {141--187},
  year      = {2014}
}

@article{Sharon13,
  author    = {Guni Sharon and
               Roni Stern and
               Meir Goldenberg and
               Ariel Felner},
  title     = {The increasing cost tree search for optimal multi-agent pathfinding},
  journal   = AIJ,
  volume    = {195},
  pages     = {470--495},
  year      = {2013}
}

@inproceedings{NguyenOSS017,
  author    = {Van Nguyen and
               Philipp Obermeier and
               Tran Cao Son and
               Torsten Schaub and
               William Yeoh},
  editor    = {Carles Sierra},
  title     = {Generalized Target Assignment and Path Finding Using Answer Set Programming},
  booktitle = IJCAI17,
  pages     = {1216--1223},
  publisher = {ijcai.org},
  year      = {2017}
}

@inproceedings{SurynekFSB16,
  author    = {Pavel Surynek and
               Ariel Felner and
               Roni Stern and
               Eli Boyarski},
  title     = {Efficient {SAT} Approach to Multi-Agent Path Finding Under the Sum
               of Costs Objective},
  booktitle = ECAI16,
  pages     = {810--818},
  publisher = {{IOS} Press},
  year      = {2016}
}

@inproceedings{ErdemKOS13,
  author    = {Esra Erdem and
               Doga Gizem Kisa and
               Umut {\"{O}}ztok and
               Peter Sch{\"{u}}ller},
  title     = {A General Formal Framework for Pathfinding Problems with Multiple
               Agents},
  booktitle = AAAI13,
  publisher = {{AAAI} Press},
  year      = {2013}
}


@article{GebserOOS18,
  author    = {Martin Gebser and
               Philipp Obermeier and
               Thomas Otto and
               Torsten Schaub and
               Orkunt Sabuncu and
               Van Nguyen and
               Tran Cao Son},
  title     = {Experimenting with robotic intra-logistics domains},
  journal   = TPLP,
  volume    = {18},
  number    = {3-4},
  pages     = {502--519},
  year      = {2018}
}

@inproceedings{Lifschitz08,
  author    = {Vladimir Lifschitz},
  title     = {What Is Answer Set Programming?},
  booktitle = AAAI08,
  pages     = {1594--1597},
  year      = {2008},
  url       = {http://www.aaai.org/Library/AAAI/2008/aaai08-270.php},
  timestamp = {Mon, 10 Dec 2012 17:36:53 +0100},
  biburl    = {https://dblp.org/rec/bib/conf/aaai/Lifschitz08},
  bibsource = {dblp computer science bibliography, https://dblp.org}
}

@inproceedings{Surynek14,
  author    = {Pavel Surynek},
  title     = {Compact Representations of Cooperative Path-Finding as {SAT} Based
               on Matchings in Bipartite Graphs},
  booktitle = {\longshort{26th {IEEE} International Conference on Tools with Artificial Intelligence}{ICTAI}},
  pages     = {875--882},
  publisher = {{IEEE} Computer Society},
  year      = {2014},
}

@inproceedings{SternSFK0WLA0KB19,
  author    = {Roni Stern and
               Nathan R. Sturtevant and
               Ariel Felner and
               Sven Koenig and
               Hang Ma and
               Thayne T. Walker and
               Jiaoyang Li and
               Dor Atzmon and
               Liron Cohen and
               T. K. Satish Kumar and
               Roman Bart{\'{a}}k and
               Eli Boyarski},
  editor    = {Pavel Surynek and
               William Yeoh},
  title     = {Multi-Agent Pathfinding: Definitions, Variants, and Benchmarks},
  booktitle = SOCS19,
  pages     = {151--159},
  publisher = {{AAAI} Press},
  year      = {2019},
  url       = {https://aaai.org/ocs/index.php/SOCS/SOCS19/paper/view/18341},
  timestamp = {Wed, 17 Jul 2019 10:38:21 +0200},
  biburl    = {https://dblp.org/rec/bib/conf/socs/SternSFK0WLA0KB19},
  bibsource = {dblp computer science bibliography, https://dblp.org}
}

@inproceedings{FerrarisL05,
  author    = {Paolo Ferraris and
               Vladimir Lifschitz},
  editor    = {Sergei N. Art{\"{e}}mov and
               Howard Barringer and
               Artur S. d'Avila Garcez and
               Lu{\'{\i}}s C. Lamb and
               John Woods},
  title     = {Mathematical Foundations of Answer Set Programming},
  booktitle = {We Will Show Them! Essays in Honour of Dov Gabbay, Volume One},
  pages     = {615--664},
  publisher = {College Publications},
  year      = {2005},
  timestamp = {Wed, 23 Nov 2005 14:53:03 +0100},
  biburl    = {https://dblp.org/rec/bib/conf/birthday/FerrarisL05},
  bibsource = {dblp computer science bibliography, https://dblp.org}
}

@inproceedings{KautzS92,
  author    = {Henry A. Kautz and
               Bart Selman},
  editor    = {Bernd Neumann},
  title     = {Planning as Satisfiability},
  booktitle = ECAI92,
  pages     = {359--363},
  publisher = {John Wiley and Sons},
  year      = {1992},
  timestamp = {Wed, 31 Jul 2019 08:45:08 +0200},
  biburl    = {https://dblp.org/rec/bib/conf/ecai/KautzS92},
  bibsource = {dblp computer science bibliography, https://dblp.org}
}

@inproceedings{BartakS19,
  author    = {Roman Bart{\'{a}}k and
               Jir{\'{\i}} Svancara},
  editor    = {Pavel Surynek and
               William Yeoh},
  title     = {On {SAT}-Based Approaches for Multi-Agent Path Finding with the Sum-of-Costs
               Objective},
  booktitle = SOCS19,
  pages     = {10--17},
  publisher = {{AAAI} Press},
  year      = {2019},
  url       = {https://aaai.org/ocs/index.php/SOCS/SOCS19/paper/view/18323},
  timestamp = {Wed, 17 Jul 2019 10:38:21 +0200},
  biburl    = {https://dblp.org/rec/bib/conf/socs/BartakS19},
  bibsource = {dblp computer science bibliography, https://dblp.org}
}

@inproceedings{BartakZSBS17,
  author    = {Roman Bart{\'{a}}k and
               Neng{-}Fa Zhou and
               Roni Stern and
               Eli Boyarski and
               Pavel Surynek},
  title     = {Modeling and Solving the Multi-agent Pathfinding Problem in Picat},
  booktitle = {\longshort{29th {IEEE} \International \Conference on Tools with \AI}{ICTAI}},
  address   = {Boston, MA, USA},
  pages     = {959--966},
  publisher = {{IEEE} Computer Society},
  year      = {2017},
  url       = {https://doi.org/10.1109/ICTAI.2017.00147},
  doi       = {10.1109/ICTAI.2017.00147},
  timestamp = {Sat, 24 Nov 2018 11:59:51 +0100},
  biburl    = {https://dblp.org/rec/bib/conf/ictai/BartakZSBS17},
  bibsource = {dblp computer science bibliography, https://dblp.org}
}

@inproceedings{LiFB0K19,
  author    = {Jiaoyang Li and
               Ariel Felner and
               Eli Boyarski and
               Hang Ma and
               Sven Koenig},
  editor    = {Sarit Kraus},
  title     = {Improved Heuristics for Multi-Agent Path Finding with Conflict-Based
               Search},
  booktitle = IJCAI19,
  pages     = {442--449},
  publisher = {ijcai.org},
  year      = {2019},
  url       = {https://doi.org/10.24963/ijcai.2019/63},
  doi       = {10.24963/ijcai.2019/63},
  timestamp = {Tue, 20 Aug 2019 16:19:21 +0200},
  biburl    = {https://dblp.org/rec/bib/conf/ijcai/LiFB0K19},
  bibsource = {dblp computer science bibliography, https://dblp.org}
}

@article{GebserKKS14,
  author = {Gebser, Martin and Kaminski, Roland and Kaufmann, Benjamin and Schaub, Torsten},
  title = {Clingo = {ASP} + Control: Preliminary Report},
  journal = {CoRR},
  volume = {abs/1405.3694},
  year = {2014}
}
